%YAML 1.1
%TAG !u! tag:unity3d.com,2011:
--- !u!1001 &2890124016677597682
PrefabInstance:
  m_ObjectHideFlags: 0
  serializedVersion: 2
  m_Modification:
    m_TransformParent: {fileID: 0}
    m_Modifications:
    - target: {fileID: 102822, guid: ce30757dc561ff843b915619973f7f78, type: 3}
      propertyPath: m_Layer
      value: 7
      objectReference: {fileID: 0}
    - target: {fileID: 104570, guid: ce30757dc561ff843b915619973f7f78, type: 3}
      propertyPath: m_Layer
      value: 7
      objectReference: {fileID: 0}
    - target: {fileID: 106552, guid: ce30757dc561ff843b915619973f7f78, type: 3}
      propertyPath: m_Layer
      value: 7
      objectReference: {fileID: 0}
    - target: {fileID: 106864, guid: ce30757dc561ff843b915619973f7f78, type: 3}
      propertyPath: m_Layer
      value: 7
      objectReference: {fileID: 0}
    - target: {fileID: 107760, guid: ce30757dc561ff843b915619973f7f78, type: 3}
      propertyPath: m_Layer
      value: 7
      objectReference: {fileID: 0}
    - target: {fileID: 108118, guid: ce30757dc561ff843b915619973f7f78, type: 3}
      propertyPath: m_Layer
      value: 7
      objectReference: {fileID: 0}
    - target: {fileID: 109376, guid: ce30757dc561ff843b915619973f7f78, type: 3}
      propertyPath: m_Layer
      value: 7
      objectReference: {fileID: 0}
    - target: {fileID: 110904, guid: ce30757dc561ff843b915619973f7f78, type: 3}
      propertyPath: m_Layer
      value: 7
      objectReference: {fileID: 0}
    - target: {fileID: 112186, guid: ce30757dc561ff843b915619973f7f78, type: 3}
      propertyPath: m_Layer
      value: 7
      objectReference: {fileID: 0}
    - target: {fileID: 113266, guid: ce30757dc561ff843b915619973f7f78, type: 3}
      propertyPath: m_Layer
      value: 7
      objectReference: {fileID: 0}
    - target: {fileID: 116400, guid: ce30757dc561ff843b915619973f7f78, type: 3}
      propertyPath: m_Layer
      value: 7
      objectReference: {fileID: 0}
    - target: {fileID: 117192, guid: ce30757dc561ff843b915619973f7f78, type: 3}
      propertyPath: m_Layer
      value: 7
      objectReference: {fileID: 0}
    - target: {fileID: 119382, guid: ce30757dc561ff843b915619973f7f78, type: 3}
      propertyPath: m_Layer
      value: 7
      objectReference: {fileID: 0}
    - target: {fileID: 119484, guid: ce30757dc561ff843b915619973f7f78, type: 3}
      propertyPath: m_Layer
      value: 7
      objectReference: {fileID: 0}
    - target: {fileID: 120188, guid: ce30757dc561ff843b915619973f7f78, type: 3}
      propertyPath: m_Layer
      value: 7
      objectReference: {fileID: 0}
    - target: {fileID: 121256, guid: ce30757dc561ff843b915619973f7f78, type: 3}
      propertyPath: m_Layer
      value: 7
      objectReference: {fileID: 0}
    - target: {fileID: 122160, guid: ce30757dc561ff843b915619973f7f78, type: 3}
      propertyPath: m_Layer
      value: 7
      objectReference: {fileID: 0}
    - target: {fileID: 122516, guid: ce30757dc561ff843b915619973f7f78, type: 3}
      propertyPath: m_Layer
      value: 7
      objectReference: {fileID: 0}
    - target: {fileID: 123504, guid: ce30757dc561ff843b915619973f7f78, type: 3}
      propertyPath: m_Layer
      value: 7
      objectReference: {fileID: 0}
    - target: {fileID: 125022, guid: ce30757dc561ff843b915619973f7f78, type: 3}
      propertyPath: m_Layer
      value: 7
      objectReference: {fileID: 0}
    - target: {fileID: 125372, guid: ce30757dc561ff843b915619973f7f78, type: 3}
      propertyPath: m_Layer
      value: 7
      objectReference: {fileID: 0}
    - target: {fileID: 126808, guid: ce30757dc561ff843b915619973f7f78, type: 3}
      propertyPath: m_Layer
      value: 7
      objectReference: {fileID: 0}
    - target: {fileID: 129752, guid: ce30757dc561ff843b915619973f7f78, type: 3}
      propertyPath: m_Layer
      value: 7
      objectReference: {fileID: 0}
    - target: {fileID: 131814, guid: ce30757dc561ff843b915619973f7f78, type: 3}
      propertyPath: m_Layer
      value: 7
      objectReference: {fileID: 0}
    - target: {fileID: 131922, guid: ce30757dc561ff843b915619973f7f78, type: 3}
      propertyPath: m_Layer
      value: 7
      objectReference: {fileID: 0}
    - target: {fileID: 136160, guid: ce30757dc561ff843b915619973f7f78, type: 3}
      propertyPath: m_Layer
      value: 7
      objectReference: {fileID: 0}
    - target: {fileID: 136844, guid: ce30757dc561ff843b915619973f7f78, type: 3}
      propertyPath: m_Layer
      value: 7
      objectReference: {fileID: 0}
    - target: {fileID: 136876, guid: ce30757dc561ff843b915619973f7f78, type: 3}
      propertyPath: m_Layer
      value: 7
      objectReference: {fileID: 0}
    - target: {fileID: 136934, guid: ce30757dc561ff843b915619973f7f78, type: 3}
      propertyPath: m_Layer
      value: 7
      objectReference: {fileID: 0}
    - target: {fileID: 138246, guid: ce30757dc561ff843b915619973f7f78, type: 3}
      propertyPath: m_Layer
      value: 7
      objectReference: {fileID: 0}
    - target: {fileID: 139468, guid: ce30757dc561ff843b915619973f7f78, type: 3}
      propertyPath: m_Layer
      value: 7
      objectReference: {fileID: 0}
    - target: {fileID: 139720, guid: ce30757dc561ff843b915619973f7f78, type: 3}
      propertyPath: m_Layer
      value: 7
      objectReference: {fileID: 0}
    - target: {fileID: 140024, guid: ce30757dc561ff843b915619973f7f78, type: 3}
      propertyPath: m_Layer
      value: 7
      objectReference: {fileID: 0}
    - target: {fileID: 140438, guid: ce30757dc561ff843b915619973f7f78, type: 3}
      propertyPath: m_Layer
      value: 7
      objectReference: {fileID: 0}
    - target: {fileID: 141984, guid: ce30757dc561ff843b915619973f7f78, type: 3}
      propertyPath: m_Layer
      value: 7
      objectReference: {fileID: 0}
    - target: {fileID: 143972, guid: ce30757dc561ff843b915619973f7f78, type: 3}
      propertyPath: m_Layer
      value: 7
      objectReference: {fileID: 0}
    - target: {fileID: 144522, guid: ce30757dc561ff843b915619973f7f78, type: 3}
      propertyPath: m_Layer
      value: 7
      objectReference: {fileID: 0}
    - target: {fileID: 146094, guid: ce30757dc561ff843b915619973f7f78, type: 3}
      propertyPath: m_Layer
      value: 7
      objectReference: {fileID: 0}
    - target: {fileID: 147378, guid: ce30757dc561ff843b915619973f7f78, type: 3}
      propertyPath: m_Layer
      value: 7
      objectReference: {fileID: 0}
    - target: {fileID: 148180, guid: ce30757dc561ff843b915619973f7f78, type: 3}
      propertyPath: m_Layer
      value: 7
      objectReference: {fileID: 0}
    - target: {fileID: 148608, guid: ce30757dc561ff843b915619973f7f78, type: 3}
      propertyPath: m_Layer
      value: 7
      objectReference: {fileID: 0}
    - target: {fileID: 148816, guid: ce30757dc561ff843b915619973f7f78, type: 3}
      propertyPath: m_Layer
      value: 7
      objectReference: {fileID: 0}
    - target: {fileID: 149682, guid: ce30757dc561ff843b915619973f7f78, type: 3}
      propertyPath: m_Layer
      value: 7
      objectReference: {fileID: 0}
    - target: {fileID: 150012, guid: ce30757dc561ff843b915619973f7f78, type: 3}
      propertyPath: m_Layer
      value: 7
      objectReference: {fileID: 0}
    - target: {fileID: 150902, guid: ce30757dc561ff843b915619973f7f78, type: 3}
      propertyPath: m_Layer
      value: 7
      objectReference: {fileID: 0}
    - target: {fileID: 151646, guid: ce30757dc561ff843b915619973f7f78, type: 3}
      propertyPath: m_Layer
      value: 7
      objectReference: {fileID: 0}
    - target: {fileID: 151662, guid: ce30757dc561ff843b915619973f7f78, type: 3}
      propertyPath: m_Layer
      value: 7
      objectReference: {fileID: 0}
    - target: {fileID: 152112, guid: ce30757dc561ff843b915619973f7f78, type: 3}
      propertyPath: m_Layer
      value: 7
      objectReference: {fileID: 0}
    - target: {fileID: 152398, guid: ce30757dc561ff843b915619973f7f78, type: 3}
      propertyPath: m_Layer
      value: 7
      objectReference: {fileID: 0}
    - target: {fileID: 152418, guid: ce30757dc561ff843b915619973f7f78, type: 3}
      propertyPath: m_Layer
      value: 7
      objectReference: {fileID: 0}
    - target: {fileID: 160030, guid: ce30757dc561ff843b915619973f7f78, type: 3}
      propertyPath: m_Layer
      value: 7
      objectReference: {fileID: 0}
    - target: {fileID: 163450, guid: ce30757dc561ff843b915619973f7f78, type: 3}
      propertyPath: m_Layer
      value: 7
      objectReference: {fileID: 0}
    - target: {fileID: 165226, guid: ce30757dc561ff843b915619973f7f78, type: 3}
      propertyPath: m_Layer
      value: 7
      objectReference: {fileID: 0}
    - target: {fileID: 166636, guid: ce30757dc561ff843b915619973f7f78, type: 3}
      propertyPath: m_Layer
      value: 7
      objectReference: {fileID: 0}
    - target: {fileID: 166704, guid: ce30757dc561ff843b915619973f7f78, type: 3}
      propertyPath: m_Layer
      value: 7
      objectReference: {fileID: 0}
    - target: {fileID: 167488, guid: ce30757dc561ff843b915619973f7f78, type: 3}
      propertyPath: m_Layer
      value: 7
      objectReference: {fileID: 0}
    - target: {fileID: 167604, guid: ce30757dc561ff843b915619973f7f78, type: 3}
      propertyPath: m_Layer
      value: 7
      objectReference: {fileID: 0}
    - target: {fileID: 169620, guid: ce30757dc561ff843b915619973f7f78, type: 3}
      propertyPath: m_Layer
      value: 7
      objectReference: {fileID: 0}
    - target: {fileID: 172532, guid: ce30757dc561ff843b915619973f7f78, type: 3}
      propertyPath: m_Layer
      value: 7
      objectReference: {fileID: 0}
    - target: {fileID: 174356, guid: ce30757dc561ff843b915619973f7f78, type: 3}
      propertyPath: m_Layer
      value: 7
      objectReference: {fileID: 0}
    - target: {fileID: 177070, guid: ce30757dc561ff843b915619973f7f78, type: 3}
      propertyPath: m_Layer
      value: 7
      objectReference: {fileID: 0}
    - target: {fileID: 178258, guid: ce30757dc561ff843b915619973f7f78, type: 3}
      propertyPath: m_Layer
      value: 7
      objectReference: {fileID: 0}
    - target: {fileID: 179342, guid: ce30757dc561ff843b915619973f7f78, type: 3}
      propertyPath: m_Layer
      value: 7
      objectReference: {fileID: 0}
    - target: {fileID: 181796, guid: ce30757dc561ff843b915619973f7f78, type: 3}
      propertyPath: m_Layer
      value: 7
      objectReference: {fileID: 0}
    - target: {fileID: 183758, guid: ce30757dc561ff843b915619973f7f78, type: 3}
      propertyPath: m_Layer
      value: 7
      objectReference: {fileID: 0}
    - target: {fileID: 183986, guid: ce30757dc561ff843b915619973f7f78, type: 3}
      propertyPath: m_Layer
      value: 7
      objectReference: {fileID: 0}
    - target: {fileID: 187430, guid: ce30757dc561ff843b915619973f7f78, type: 3}
      propertyPath: m_Layer
      value: 7
      objectReference: {fileID: 0}
    - target: {fileID: 189406, guid: ce30757dc561ff843b915619973f7f78, type: 3}
      propertyPath: m_Layer
      value: 7
      objectReference: {fileID: 0}
    - target: {fileID: 193192, guid: ce30757dc561ff843b915619973f7f78, type: 3}
      propertyPath: m_Layer
      value: 7
      objectReference: {fileID: 0}
    - target: {fileID: 194860, guid: ce30757dc561ff843b915619973f7f78, type: 3}
      propertyPath: m_Layer
      value: 7
      objectReference: {fileID: 0}
    - target: {fileID: 195570, guid: ce30757dc561ff843b915619973f7f78, type: 3}
      propertyPath: m_Layer
      value: 7
      objectReference: {fileID: 0}
    - target: {fileID: 195656, guid: ce30757dc561ff843b915619973f7f78, type: 3}
      propertyPath: m_Name
      value: SA_Zombie_Mountie Variant
      objectReference: {fileID: 0}
    - target: {fileID: 195656, guid: ce30757dc561ff843b915619973f7f78, type: 3}
      propertyPath: m_Layer
      value: 7
      objectReference: {fileID: 0}
    - target: {fileID: 199844, guid: ce30757dc561ff843b915619973f7f78, type: 3}
      propertyPath: m_Layer
      value: 7
      objectReference: {fileID: 0}
    - target: {fileID: 439990, guid: ce30757dc561ff843b915619973f7f78, type: 3}
      propertyPath: m_RootOrder
      value: 0
      objectReference: {fileID: 0}
    - target: {fileID: 439990, guid: ce30757dc561ff843b915619973f7f78, type: 3}
      propertyPath: m_LocalPosition.x
      value: -17
      objectReference: {fileID: 0}
    - target: {fileID: 439990, guid: ce30757dc561ff843b915619973f7f78, type: 3}
      propertyPath: m_LocalPosition.y
      value: 1
      objectReference: {fileID: 0}
    - target: {fileID: 439990, guid: ce30757dc561ff843b915619973f7f78, type: 3}
      propertyPath: m_LocalPosition.z
      value: -8.5
      objectReference: {fileID: 0}
    - target: {fileID: 439990, guid: ce30757dc561ff843b915619973f7f78, type: 3}
      propertyPath: m_LocalRotation.w
      value: 1
      objectReference: {fileID: 0}
    - target: {fileID: 439990, guid: ce30757dc561ff843b915619973f7f78, type: 3}
      propertyPath: m_LocalRotation.x
      value: -0
      objectReference: {fileID: 0}
    - target: {fileID: 439990, guid: ce30757dc561ff843b915619973f7f78, type: 3}
      propertyPath: m_LocalRotation.y
      value: -0
      objectReference: {fileID: 0}
    - target: {fileID: 439990, guid: ce30757dc561ff843b915619973f7f78, type: 3}
      propertyPath: m_LocalRotation.z
      value: -0
      objectReference: {fileID: 0}
    - target: {fileID: 439990, guid: ce30757dc561ff843b915619973f7f78, type: 3}
      propertyPath: m_LocalEulerAnglesHint.x
      value: 0
      objectReference: {fileID: 0}
    - target: {fileID: 439990, guid: ce30757dc561ff843b915619973f7f78, type: 3}
      propertyPath: m_LocalEulerAnglesHint.y
      value: 0
      objectReference: {fileID: 0}
    - target: {fileID: 439990, guid: ce30757dc561ff843b915619973f7f78, type: 3}
      propertyPath: m_LocalEulerAnglesHint.z
      value: 0
      objectReference: {fileID: 0}
    m_RemovedComponents: []
  m_SourcePrefab: {fileID: 100100000, guid: ce30757dc561ff843b915619973f7f78, type: 3}
--- !u!95 &2890124016670278130 stripped
Animator:
  m_CorrespondingSourceObject: {fileID: 9547776, guid: ce30757dc561ff843b915619973f7f78, type: 3}
  m_PrefabInstance: {fileID: 2890124016677597682}
  m_PrefabAsset: {fileID: 0}
--- !u!1 &2890124016677703098 stripped
GameObject:
  m_CorrespondingSourceObject: {fileID: 195656, guid: ce30757dc561ff843b915619973f7f78, type: 3}
  m_PrefabInstance: {fileID: 2890124016677597682}
  m_PrefabAsset: {fileID: 0}
--- !u!65 &5220310463318418917
BoxCollider:
  m_ObjectHideFlags: 0
  m_CorrespondingSourceObject: {fileID: 0}
  m_PrefabInstance: {fileID: 0}
  m_PrefabAsset: {fileID: 0}
  m_GameObject: {fileID: 2890124016677703098}
  m_Material: {fileID: 0}
  m_IsTrigger: 0
  m_Enabled: 1
  serializedVersion: 2
  m_Size: {x: 1, y: 3, z: 1}
  m_Center: {x: 0, y: 1.5, z: 0}
--- !u!82 &2229222472519083528
AudioSource:
  m_ObjectHideFlags: 0
  m_CorrespondingSourceObject: {fileID: 0}
  m_PrefabInstance: {fileID: 0}
  m_PrefabAsset: {fileID: 0}
  m_GameObject: {fileID: 2890124016677703098}
  m_Enabled: 1
  serializedVersion: 4
  OutputAudioMixerGroup: {fileID: 0}
  m_audioClip: {fileID: 8300000, guid: a6aed1644a319684fba38b02825cd6d2, type: 3}
  m_PlayOnAwake: 1
  m_Volume: 0.5
  m_Pitch: 1
  Loop: 1
  Mute: 0
  Spatialize: 0
  SpatializePostEffects: 0
  Priority: 128
  DopplerLevel: 1
  MinDistance: 1
  MaxDistance: 40
  Pan2D: 0
  rolloffMode: 2
  BypassEffects: 0
  BypassListenerEffects: 0
  BypassReverbZones: 0
  rolloffCustomCurve:
    serializedVersion: 2
    m_Curve:
    - serializedVersion: 3
      time: 0
      value: 1.0000114
      inSlope: 0
      outSlope: 0
      tangentMode: 0
      weightedMode: 0
      inWeight: 0
      outWeight: 0
    - serializedVersion: 3
      time: 0.6260834
      value: 0
      inSlope: -0.011490885
      outSlope: -0.011490885
      tangentMode: 0
      weightedMode: 0
      inWeight: 0.36260623
      outWeight: 0
    m_PreInfinity: 2
    m_PostInfinity: 2
    m_RotationOrder: 4
  panLevelCustomCurve:
    serializedVersion: 2
    m_Curve:
    - serializedVersion: 3
      time: 0
      value: 1
      inSlope: 0
      outSlope: 0
      tangentMode: 0
      weightedMode: 0
      inWeight: 0.33333334
      outWeight: 0.33333334
    m_PreInfinity: 2
    m_PostInfinity: 2
    m_RotationOrder: 4
  spreadCustomCurve:
    serializedVersion: 2
    m_Curve:
    - serializedVersion: 3
      time: 0
      value: 0
      inSlope: 0
      outSlope: 0
      tangentMode: 0
      weightedMode: 0
      inWeight: 0.33333334
      outWeight: 0.33333334
    m_PreInfinity: 2
    m_PostInfinity: 2
    m_RotationOrder: 4
  reverbZoneMixCustomCurve:
    serializedVersion: 2
    m_Curve:
    - serializedVersion: 3
      time: 0
      value: 1
      inSlope: 0
      outSlope: 0
      tangentMode: 0
      weightedMode: 0
      inWeight: 0.33333334
      outWeight: 0.33333334
    m_PreInfinity: 2
    m_PostInfinity: 2
    m_RotationOrder: 4
--- !u!114 &542725712
MonoBehaviour:
  m_ObjectHideFlags: 0
  m_CorrespondingSourceObject: {fileID: 0}
  m_PrefabInstance: {fileID: 0}
  m_PrefabAsset: {fileID: 0}
  m_GameObject: {fileID: 2890124016677703098}
  m_Enabled: 1
  m_EditorHideFlags: 0
  m_Script: {fileID: 11500000, guid: bdfb2061d8aa0ad45b15ec84c0fd83ed, type: 3}
  m_Name: 
  m_EditorClassIdentifier: 
  m_ZombieProfile: {fileID: 6082995127011308278}
  m_ZombieNavMesh: {fileID: 6142555115115813978}
--- !u!195 &2984629959587469290
NavMeshAgent:
  m_ObjectHideFlags: 0
  m_CorrespondingSourceObject: {fileID: 0}
  m_PrefabInstance: {fileID: 0}
  m_PrefabAsset: {fileID: 0}
  m_GameObject: {fileID: 2890124016677703098}
  m_Enabled: 1
  m_AgentTypeID: 0
  m_Radius: 0.5
  m_Speed: 3.5
  m_Acceleration: 8
  avoidancePriority: 50
  m_AngularSpeed: 120
  m_StoppingDistance: 0
  m_AutoTraverseOffMeshLink: 1
  m_AutoBraking: 1
  m_AutoRepath: 1
  m_Height: 3
  m_BaseOffset: 0
  m_WalkableMask: 4294967295
  m_ObstacleAvoidanceType: 4
--- !u!114 &6082995127011308278
MonoBehaviour:
  m_ObjectHideFlags: 0
  m_CorrespondingSourceObject: {fileID: 0}
  m_PrefabInstance: {fileID: 0}
  m_PrefabAsset: {fileID: 0}
  m_GameObject: {fileID: 2890124016677703098}
  m_Enabled: 1
  m_EditorHideFlags: 0
  m_Script: {fileID: 11500000, guid: afa742adb6dad2f4db54042ded5bd1ff, type: 3}
  m_Name: 
  m_EditorClassIdentifier: 
  m_MyAnimator: {fileID: 2890124016670278130}
  m_MaxHp: 10
  m_AttackRange: 3
  m_Atk: 1
--- !u!114 &6142555115115813978
MonoBehaviour:
  m_ObjectHideFlags: 0
  m_CorrespondingSourceObject: {fileID: 0}
  m_PrefabInstance: {fileID: 0}
  m_PrefabAsset: {fileID: 0}
  m_GameObject: {fileID: 2890124016677703098}
  m_Enabled: 1
  m_EditorHideFlags: 0
  m_Script: {fileID: 11500000, guid: 9da06c301055f1f44bfc4c40c0c4efde, type: 3}
  m_Name: 
  m_EditorClassIdentifier: 
  m_ZombieProfile: {fileID: 6082995127011308278}
  m_Target: {fileID: 0}
  m_MyNashMeshAgent: {fileID: 2984629959587469290}
  m_Speed: 5
