%YAML 1.1
%TAG !u! tag:unity3d.com,2011:
--- !u!1001 &3668384786094940212
PrefabInstance:
  m_ObjectHideFlags: 0
  serializedVersion: 2
  m_Modification:
    m_TransformParent: {fileID: 0}
    m_Modifications:
    - target: {fileID: 101036, guid: 1e56599280e0eff43b580ef5c7e3dec2, type: 3}
      propertyPath: m_Layer
      value: 7
      objectReference: {fileID: 0}
    - target: {fileID: 101204, guid: 1e56599280e0eff43b580ef5c7e3dec2, type: 3}
      propertyPath: m_Layer
      value: 7
      objectReference: {fileID: 0}
    - target: {fileID: 101232, guid: 1e56599280e0eff43b580ef5c7e3dec2, type: 3}
      propertyPath: m_Layer
      value: 7
      objectReference: {fileID: 0}
    - target: {fileID: 101992, guid: 1e56599280e0eff43b580ef5c7e3dec2, type: 3}
      propertyPath: m_Layer
      value: 7
      objectReference: {fileID: 0}
    - target: {fileID: 104192, guid: 1e56599280e0eff43b580ef5c7e3dec2, type: 3}
      propertyPath: m_Layer
      value: 7
      objectReference: {fileID: 0}
    - target: {fileID: 104300, guid: 1e56599280e0eff43b580ef5c7e3dec2, type: 3}
      propertyPath: m_Layer
      value: 7
      objectReference: {fileID: 0}
    - target: {fileID: 104736, guid: 1e56599280e0eff43b580ef5c7e3dec2, type: 3}
      propertyPath: m_Layer
      value: 7
      objectReference: {fileID: 0}
    - target: {fileID: 106698, guid: 1e56599280e0eff43b580ef5c7e3dec2, type: 3}
      propertyPath: m_Layer
      value: 7
      objectReference: {fileID: 0}
    - target: {fileID: 107268, guid: 1e56599280e0eff43b580ef5c7e3dec2, type: 3}
      propertyPath: m_Layer
      value: 7
      objectReference: {fileID: 0}
    - target: {fileID: 109422, guid: 1e56599280e0eff43b580ef5c7e3dec2, type: 3}
      propertyPath: m_Layer
      value: 7
      objectReference: {fileID: 0}
    - target: {fileID: 110552, guid: 1e56599280e0eff43b580ef5c7e3dec2, type: 3}
      propertyPath: m_Layer
      value: 7
      objectReference: {fileID: 0}
    - target: {fileID: 110634, guid: 1e56599280e0eff43b580ef5c7e3dec2, type: 3}
      propertyPath: m_Layer
      value: 7
      objectReference: {fileID: 0}
    - target: {fileID: 111052, guid: 1e56599280e0eff43b580ef5c7e3dec2, type: 3}
      propertyPath: m_Layer
      value: 7
      objectReference: {fileID: 0}
    - target: {fileID: 113788, guid: 1e56599280e0eff43b580ef5c7e3dec2, type: 3}
      propertyPath: m_Layer
      value: 7
      objectReference: {fileID: 0}
    - target: {fileID: 114478, guid: 1e56599280e0eff43b580ef5c7e3dec2, type: 3}
      propertyPath: m_Layer
      value: 7
      objectReference: {fileID: 0}
    - target: {fileID: 116804, guid: 1e56599280e0eff43b580ef5c7e3dec2, type: 3}
      propertyPath: m_Layer
      value: 7
      objectReference: {fileID: 0}
    - target: {fileID: 117000, guid: 1e56599280e0eff43b580ef5c7e3dec2, type: 3}
      propertyPath: m_Layer
      value: 7
      objectReference: {fileID: 0}
    - target: {fileID: 117790, guid: 1e56599280e0eff43b580ef5c7e3dec2, type: 3}
      propertyPath: m_Layer
      value: 7
      objectReference: {fileID: 0}
    - target: {fileID: 118070, guid: 1e56599280e0eff43b580ef5c7e3dec2, type: 3}
      propertyPath: m_Layer
      value: 7
      objectReference: {fileID: 0}
    - target: {fileID: 118074, guid: 1e56599280e0eff43b580ef5c7e3dec2, type: 3}
      propertyPath: m_Layer
      value: 7
      objectReference: {fileID: 0}
    - target: {fileID: 118188, guid: 1e56599280e0eff43b580ef5c7e3dec2, type: 3}
      propertyPath: m_Layer
      value: 7
      objectReference: {fileID: 0}
    - target: {fileID: 121182, guid: 1e56599280e0eff43b580ef5c7e3dec2, type: 3}
      propertyPath: m_Layer
      value: 7
      objectReference: {fileID: 0}
    - target: {fileID: 121550, guid: 1e56599280e0eff43b580ef5c7e3dec2, type: 3}
      propertyPath: m_Layer
      value: 7
      objectReference: {fileID: 0}
    - target: {fileID: 121786, guid: 1e56599280e0eff43b580ef5c7e3dec2, type: 3}
      propertyPath: m_Layer
      value: 7
      objectReference: {fileID: 0}
    - target: {fileID: 122554, guid: 1e56599280e0eff43b580ef5c7e3dec2, type: 3}
      propertyPath: m_Layer
      value: 7
      objectReference: {fileID: 0}
    - target: {fileID: 125690, guid: 1e56599280e0eff43b580ef5c7e3dec2, type: 3}
      propertyPath: m_Layer
      value: 7
      objectReference: {fileID: 0}
    - target: {fileID: 125746, guid: 1e56599280e0eff43b580ef5c7e3dec2, type: 3}
      propertyPath: m_Layer
      value: 7
      objectReference: {fileID: 0}
    - target: {fileID: 126386, guid: 1e56599280e0eff43b580ef5c7e3dec2, type: 3}
      propertyPath: m_Layer
      value: 7
      objectReference: {fileID: 0}
    - target: {fileID: 126606, guid: 1e56599280e0eff43b580ef5c7e3dec2, type: 3}
      propertyPath: m_Layer
      value: 7
      objectReference: {fileID: 0}
    - target: {fileID: 126768, guid: 1e56599280e0eff43b580ef5c7e3dec2, type: 3}
      propertyPath: m_Layer
      value: 7
      objectReference: {fileID: 0}
    - target: {fileID: 129190, guid: 1e56599280e0eff43b580ef5c7e3dec2, type: 3}
      propertyPath: m_Layer
      value: 7
      objectReference: {fileID: 0}
    - target: {fileID: 130776, guid: 1e56599280e0eff43b580ef5c7e3dec2, type: 3}
      propertyPath: m_Layer
      value: 7
      objectReference: {fileID: 0}
    - target: {fileID: 134120, guid: 1e56599280e0eff43b580ef5c7e3dec2, type: 3}
      propertyPath: m_Layer
      value: 7
      objectReference: {fileID: 0}
    - target: {fileID: 136720, guid: 1e56599280e0eff43b580ef5c7e3dec2, type: 3}
      propertyPath: m_Name
      value: SA_Zombie_Runner Variant
      objectReference: {fileID: 0}
    - target: {fileID: 136720, guid: 1e56599280e0eff43b580ef5c7e3dec2, type: 3}
      propertyPath: m_Layer
      value: 7
      objectReference: {fileID: 0}
    - target: {fileID: 137544, guid: 1e56599280e0eff43b580ef5c7e3dec2, type: 3}
      propertyPath: m_Layer
      value: 7
      objectReference: {fileID: 0}
    - target: {fileID: 140298, guid: 1e56599280e0eff43b580ef5c7e3dec2, type: 3}
      propertyPath: m_Layer
      value: 7
      objectReference: {fileID: 0}
    - target: {fileID: 147426, guid: 1e56599280e0eff43b580ef5c7e3dec2, type: 3}
      propertyPath: m_Layer
      value: 7
      objectReference: {fileID: 0}
    - target: {fileID: 148732, guid: 1e56599280e0eff43b580ef5c7e3dec2, type: 3}
      propertyPath: m_Layer
      value: 7
      objectReference: {fileID: 0}
    - target: {fileID: 148746, guid: 1e56599280e0eff43b580ef5c7e3dec2, type: 3}
      propertyPath: m_Layer
      value: 7
      objectReference: {fileID: 0}
    - target: {fileID: 148972, guid: 1e56599280e0eff43b580ef5c7e3dec2, type: 3}
      propertyPath: m_Layer
      value: 7
      objectReference: {fileID: 0}
    - target: {fileID: 153268, guid: 1e56599280e0eff43b580ef5c7e3dec2, type: 3}
      propertyPath: m_Layer
      value: 7
      objectReference: {fileID: 0}
    - target: {fileID: 155708, guid: 1e56599280e0eff43b580ef5c7e3dec2, type: 3}
      propertyPath: m_Layer
      value: 7
      objectReference: {fileID: 0}
    - target: {fileID: 158972, guid: 1e56599280e0eff43b580ef5c7e3dec2, type: 3}
      propertyPath: m_Layer
      value: 7
      objectReference: {fileID: 0}
    - target: {fileID: 159368, guid: 1e56599280e0eff43b580ef5c7e3dec2, type: 3}
      propertyPath: m_Layer
      value: 7
      objectReference: {fileID: 0}
    - target: {fileID: 162962, guid: 1e56599280e0eff43b580ef5c7e3dec2, type: 3}
      propertyPath: m_Layer
      value: 7
      objectReference: {fileID: 0}
    - target: {fileID: 164030, guid: 1e56599280e0eff43b580ef5c7e3dec2, type: 3}
      propertyPath: m_Layer
      value: 7
      objectReference: {fileID: 0}
    - target: {fileID: 164366, guid: 1e56599280e0eff43b580ef5c7e3dec2, type: 3}
      propertyPath: m_Layer
      value: 7
      objectReference: {fileID: 0}
    - target: {fileID: 165406, guid: 1e56599280e0eff43b580ef5c7e3dec2, type: 3}
      propertyPath: m_Layer
      value: 7
      objectReference: {fileID: 0}
    - target: {fileID: 166400, guid: 1e56599280e0eff43b580ef5c7e3dec2, type: 3}
      propertyPath: m_Layer
      value: 7
      objectReference: {fileID: 0}
    - target: {fileID: 166712, guid: 1e56599280e0eff43b580ef5c7e3dec2, type: 3}
      propertyPath: m_Layer
      value: 7
      objectReference: {fileID: 0}
    - target: {fileID: 166764, guid: 1e56599280e0eff43b580ef5c7e3dec2, type: 3}
      propertyPath: m_Layer
      value: 7
      objectReference: {fileID: 0}
    - target: {fileID: 166888, guid: 1e56599280e0eff43b580ef5c7e3dec2, type: 3}
      propertyPath: m_Layer
      value: 7
      objectReference: {fileID: 0}
    - target: {fileID: 168590, guid: 1e56599280e0eff43b580ef5c7e3dec2, type: 3}
      propertyPath: m_Layer
      value: 7
      objectReference: {fileID: 0}
    - target: {fileID: 170484, guid: 1e56599280e0eff43b580ef5c7e3dec2, type: 3}
      propertyPath: m_Layer
      value: 7
      objectReference: {fileID: 0}
    - target: {fileID: 172130, guid: 1e56599280e0eff43b580ef5c7e3dec2, type: 3}
      propertyPath: m_Layer
      value: 7
      objectReference: {fileID: 0}
    - target: {fileID: 173756, guid: 1e56599280e0eff43b580ef5c7e3dec2, type: 3}
      propertyPath: m_Layer
      value: 7
      objectReference: {fileID: 0}
    - target: {fileID: 175198, guid: 1e56599280e0eff43b580ef5c7e3dec2, type: 3}
      propertyPath: m_Layer
      value: 7
      objectReference: {fileID: 0}
    - target: {fileID: 175364, guid: 1e56599280e0eff43b580ef5c7e3dec2, type: 3}
      propertyPath: m_Layer
      value: 7
      objectReference: {fileID: 0}
    - target: {fileID: 177492, guid: 1e56599280e0eff43b580ef5c7e3dec2, type: 3}
      propertyPath: m_Layer
      value: 7
      objectReference: {fileID: 0}
    - target: {fileID: 177694, guid: 1e56599280e0eff43b580ef5c7e3dec2, type: 3}
      propertyPath: m_Layer
      value: 7
      objectReference: {fileID: 0}
    - target: {fileID: 179574, guid: 1e56599280e0eff43b580ef5c7e3dec2, type: 3}
      propertyPath: m_Layer
      value: 7
      objectReference: {fileID: 0}
    - target: {fileID: 183420, guid: 1e56599280e0eff43b580ef5c7e3dec2, type: 3}
      propertyPath: m_Layer
      value: 7
      objectReference: {fileID: 0}
    - target: {fileID: 185260, guid: 1e56599280e0eff43b580ef5c7e3dec2, type: 3}
      propertyPath: m_Layer
      value: 7
      objectReference: {fileID: 0}
    - target: {fileID: 185716, guid: 1e56599280e0eff43b580ef5c7e3dec2, type: 3}
      propertyPath: m_Layer
      value: 7
      objectReference: {fileID: 0}
    - target: {fileID: 185830, guid: 1e56599280e0eff43b580ef5c7e3dec2, type: 3}
      propertyPath: m_Layer
      value: 7
      objectReference: {fileID: 0}
    - target: {fileID: 187380, guid: 1e56599280e0eff43b580ef5c7e3dec2, type: 3}
      propertyPath: m_Layer
      value: 7
      objectReference: {fileID: 0}
    - target: {fileID: 189258, guid: 1e56599280e0eff43b580ef5c7e3dec2, type: 3}
      propertyPath: m_Layer
      value: 7
      objectReference: {fileID: 0}
    - target: {fileID: 189976, guid: 1e56599280e0eff43b580ef5c7e3dec2, type: 3}
      propertyPath: m_Layer
      value: 7
      objectReference: {fileID: 0}
    - target: {fileID: 190872, guid: 1e56599280e0eff43b580ef5c7e3dec2, type: 3}
      propertyPath: m_Layer
      value: 7
      objectReference: {fileID: 0}
    - target: {fileID: 193366, guid: 1e56599280e0eff43b580ef5c7e3dec2, type: 3}
      propertyPath: m_Layer
      value: 7
      objectReference: {fileID: 0}
    - target: {fileID: 194244, guid: 1e56599280e0eff43b580ef5c7e3dec2, type: 3}
      propertyPath: m_Layer
      value: 7
      objectReference: {fileID: 0}
    - target: {fileID: 196126, guid: 1e56599280e0eff43b580ef5c7e3dec2, type: 3}
      propertyPath: m_Layer
      value: 7
      objectReference: {fileID: 0}
    - target: {fileID: 199212, guid: 1e56599280e0eff43b580ef5c7e3dec2, type: 3}
      propertyPath: m_Layer
      value: 7
      objectReference: {fileID: 0}
    - target: {fileID: 451856, guid: 1e56599280e0eff43b580ef5c7e3dec2, type: 3}
      propertyPath: m_RootOrder
      value: 0
      objectReference: {fileID: 0}
    - target: {fileID: 451856, guid: 1e56599280e0eff43b580ef5c7e3dec2, type: 3}
      propertyPath: m_LocalPosition.x
      value: -17
      objectReference: {fileID: 0}
    - target: {fileID: 451856, guid: 1e56599280e0eff43b580ef5c7e3dec2, type: 3}
      propertyPath: m_LocalPosition.y
      value: 1
      objectReference: {fileID: 0}
    - target: {fileID: 451856, guid: 1e56599280e0eff43b580ef5c7e3dec2, type: 3}
      propertyPath: m_LocalPosition.z
      value: -8.5
      objectReference: {fileID: 0}
    - target: {fileID: 451856, guid: 1e56599280e0eff43b580ef5c7e3dec2, type: 3}
      propertyPath: m_LocalRotation.w
      value: 1
      objectReference: {fileID: 0}
    - target: {fileID: 451856, guid: 1e56599280e0eff43b580ef5c7e3dec2, type: 3}
      propertyPath: m_LocalRotation.x
      value: -0
      objectReference: {fileID: 0}
    - target: {fileID: 451856, guid: 1e56599280e0eff43b580ef5c7e3dec2, type: 3}
      propertyPath: m_LocalRotation.y
      value: -0
      objectReference: {fileID: 0}
    - target: {fileID: 451856, guid: 1e56599280e0eff43b580ef5c7e3dec2, type: 3}
      propertyPath: m_LocalRotation.z
      value: -0
      objectReference: {fileID: 0}
    - target: {fileID: 451856, guid: 1e56599280e0eff43b580ef5c7e3dec2, type: 3}
      propertyPath: m_LocalEulerAnglesHint.x
      value: 0
      objectReference: {fileID: 0}
    - target: {fileID: 451856, guid: 1e56599280e0eff43b580ef5c7e3dec2, type: 3}
      propertyPath: m_LocalEulerAnglesHint.y
      value: 0
      objectReference: {fileID: 0}
    - target: {fileID: 451856, guid: 1e56599280e0eff43b580ef5c7e3dec2, type: 3}
      propertyPath: m_LocalEulerAnglesHint.z
      value: 0
      objectReference: {fileID: 0}
    m_RemovedComponents: []
  m_SourcePrefab: {fileID: 100100000, guid: 1e56599280e0eff43b580ef5c7e3dec2, type: 3}
--- !u!95 &3668384786087669582 stripped
Animator:
  m_CorrespondingSourceObject: {fileID: 9506682, guid: 1e56599280e0eff43b580ef5c7e3dec2, type: 3}
  m_PrefabInstance: {fileID: 3668384786094940212}
  m_PrefabAsset: {fileID: 0}
--- !u!1 &3668384786094814756 stripped
GameObject:
  m_CorrespondingSourceObject: {fileID: 136720, guid: 1e56599280e0eff43b580ef5c7e3dec2, type: 3}
  m_PrefabInstance: {fileID: 3668384786094940212}
  m_PrefabAsset: {fileID: 0}
--- !u!65 &7140924686833199564
BoxCollider:
  m_ObjectHideFlags: 0
  m_CorrespondingSourceObject: {fileID: 0}
  m_PrefabInstance: {fileID: 0}
  m_PrefabAsset: {fileID: 0}
  m_GameObject: {fileID: 3668384786094814756}
  m_Material: {fileID: 0}
  m_IsTrigger: 0
  m_Enabled: 1
  serializedVersion: 2
  m_Size: {x: 1, y: 3, z: 1}
  m_Center: {x: 0, y: 1.5, z: 0}
--- !u!82 &1440638428947900241
AudioSource:
  m_ObjectHideFlags: 0
  m_CorrespondingSourceObject: {fileID: 0}
  m_PrefabInstance: {fileID: 0}
  m_PrefabAsset: {fileID: 0}
  m_GameObject: {fileID: 3668384786094814756}
  m_Enabled: 1
  serializedVersion: 4
  OutputAudioMixerGroup: {fileID: 0}
  m_audioClip: {fileID: 8300000, guid: a6aed1644a319684fba38b02825cd6d2, type: 3}
  m_PlayOnAwake: 1
  m_Volume: 0.5
  m_Pitch: 1
  Loop: 1
  Mute: 0
  Spatialize: 0
  SpatializePostEffects: 0
  Priority: 128
  DopplerLevel: 1
  MinDistance: 1
  MaxDistance: 40
  Pan2D: 0
  rolloffMode: 2
  BypassEffects: 0
  BypassListenerEffects: 0
  BypassReverbZones: 0
  rolloffCustomCurve:
    serializedVersion: 2
    m_Curve:
    - serializedVersion: 3
      time: 0
      value: 1.0000114
      inSlope: 0
      outSlope: 0
      tangentMode: 0
      weightedMode: 0
      inWeight: 0
      outWeight: 0
    - serializedVersion: 3
      time: 0.6260834
      value: 0
      inSlope: -0.011490885
      outSlope: -0.011490885
      tangentMode: 0
      weightedMode: 0
      inWeight: 0.36260623
      outWeight: 0
    m_PreInfinity: 2
    m_PostInfinity: 2
    m_RotationOrder: 4
  panLevelCustomCurve:
    serializedVersion: 2
    m_Curve:
    - serializedVersion: 3
      time: 0
      value: 1
      inSlope: 0
      outSlope: 0
      tangentMode: 0
      weightedMode: 0
      inWeight: 0.33333334
      outWeight: 0.33333334
    m_PreInfinity: 2
    m_PostInfinity: 2
    m_RotationOrder: 4
  spreadCustomCurve:
    serializedVersion: 2
    m_Curve:
    - serializedVersion: 3
      time: 0
      value: 0
      inSlope: 0
      outSlope: 0
      tangentMode: 0
      weightedMode: 0
      inWeight: 0.33333334
      outWeight: 0.33333334
    m_PreInfinity: 2
    m_PostInfinity: 2
    m_RotationOrder: 4
  reverbZoneMixCustomCurve:
    serializedVersion: 2
    m_Curve:
    - serializedVersion: 3
      time: 0
      value: 1
      inSlope: 0
      outSlope: 0
      tangentMode: 0
      weightedMode: 0
      inWeight: 0.33333334
      outWeight: 0.33333334
    m_PreInfinity: 2
    m_PostInfinity: 2
    m_RotationOrder: 4
--- !u!114 &296443223
MonoBehaviour:
  m_ObjectHideFlags: 0
  m_CorrespondingSourceObject: {fileID: 0}
  m_PrefabInstance: {fileID: 0}
  m_PrefabAsset: {fileID: 0}
  m_GameObject: {fileID: 3668384786094814756}
  m_Enabled: 1
  m_EditorHideFlags: 0
  m_Script: {fileID: 11500000, guid: bdfb2061d8aa0ad45b15ec84c0fd83ed, type: 3}
  m_Name: 
  m_EditorClassIdentifier: 
  m_ZombieProfile: {fileID: 4501011693622430110}
  m_ZombieNavMesh: {fileID: 6449323107802388231}
--- !u!195 &2497754556016764423
NavMeshAgent:
  m_ObjectHideFlags: 0
  m_CorrespondingSourceObject: {fileID: 0}
  m_PrefabInstance: {fileID: 0}
  m_PrefabAsset: {fileID: 0}
  m_GameObject: {fileID: 3668384786094814756}
  m_Enabled: 1
  m_AgentTypeID: 0
  m_Radius: 0.5
  m_Speed: 3.5
  m_Acceleration: 8
  avoidancePriority: 50
  m_AngularSpeed: 120
  m_StoppingDistance: 0
  m_AutoTraverseOffMeshLink: 1
  m_AutoBraking: 1
  m_AutoRepath: 1
  m_Height: 3
  m_BaseOffset: 0
  m_WalkableMask: 4294967295
  m_ObstacleAvoidanceType: 4
--- !u!114 &4501011693622430110
MonoBehaviour:
  m_ObjectHideFlags: 0
  m_CorrespondingSourceObject: {fileID: 0}
  m_PrefabInstance: {fileID: 0}
  m_PrefabAsset: {fileID: 0}
  m_GameObject: {fileID: 3668384786094814756}
  m_Enabled: 1
  m_EditorHideFlags: 0
  m_Script: {fileID: 11500000, guid: afa742adb6dad2f4db54042ded5bd1ff, type: 3}
  m_Name: 
  m_EditorClassIdentifier: 
  m_MyAnimator: {fileID: 3668384786087669582}
  m_MaxHp: 10
  m_AttackRange: 3
  m_Atk: 1
--- !u!114 &6449323107802388231
MonoBehaviour:
  m_ObjectHideFlags: 0
  m_CorrespondingSourceObject: {fileID: 0}
  m_PrefabInstance: {fileID: 0}
  m_PrefabAsset: {fileID: 0}
  m_GameObject: {fileID: 3668384786094814756}
  m_Enabled: 1
  m_EditorHideFlags: 0
  m_Script: {fileID: 11500000, guid: 9da06c301055f1f44bfc4c40c0c4efde, type: 3}
  m_Name: 
  m_EditorClassIdentifier: 
  m_ZombieProfile: {fileID: 4501011693622430110}
  m_Target: {fileID: 0}
  m_MyNashMeshAgent: {fileID: 2497754556016764423}
  m_Speed: 3
