%YAML 1.1
%TAG !u! tag:unity3d.com,2011:
--- !u!1001 &2600310313022451037
PrefabInstance:
  m_ObjectHideFlags: 0
  serializedVersion: 2
  m_Modification:
    m_TransformParent: {fileID: 0}
    m_Modifications:
    - target: {fileID: 100760, guid: d3c324f7d1cc64045ab231e0e0c0e9f7, type: 3}
      propertyPath: m_Layer
      value: 7
      objectReference: {fileID: 0}
    - target: {fileID: 101642, guid: d3c324f7d1cc64045ab231e0e0c0e9f7, type: 3}
      propertyPath: m_Layer
      value: 7
      objectReference: {fileID: 0}
    - target: {fileID: 102348, guid: d3c324f7d1cc64045ab231e0e0c0e9f7, type: 3}
      propertyPath: m_Layer
      value: 7
      objectReference: {fileID: 0}
    - target: {fileID: 104540, guid: d3c324f7d1cc64045ab231e0e0c0e9f7, type: 3}
      propertyPath: m_Layer
      value: 7
      objectReference: {fileID: 0}
    - target: {fileID: 108244, guid: d3c324f7d1cc64045ab231e0e0c0e9f7, type: 3}
      propertyPath: m_Layer
      value: 7
      objectReference: {fileID: 0}
    - target: {fileID: 109228, guid: d3c324f7d1cc64045ab231e0e0c0e9f7, type: 3}
      propertyPath: m_Layer
      value: 7
      objectReference: {fileID: 0}
    - target: {fileID: 109366, guid: d3c324f7d1cc64045ab231e0e0c0e9f7, type: 3}
      propertyPath: m_Layer
      value: 7
      objectReference: {fileID: 0}
    - target: {fileID: 109954, guid: d3c324f7d1cc64045ab231e0e0c0e9f7, type: 3}
      propertyPath: m_Layer
      value: 7
      objectReference: {fileID: 0}
    - target: {fileID: 115062, guid: d3c324f7d1cc64045ab231e0e0c0e9f7, type: 3}
      propertyPath: m_Layer
      value: 7
      objectReference: {fileID: 0}
    - target: {fileID: 116744, guid: d3c324f7d1cc64045ab231e0e0c0e9f7, type: 3}
      propertyPath: m_Layer
      value: 7
      objectReference: {fileID: 0}
    - target: {fileID: 118494, guid: d3c324f7d1cc64045ab231e0e0c0e9f7, type: 3}
      propertyPath: m_Layer
      value: 7
      objectReference: {fileID: 0}
    - target: {fileID: 121572, guid: d3c324f7d1cc64045ab231e0e0c0e9f7, type: 3}
      propertyPath: m_Layer
      value: 7
      objectReference: {fileID: 0}
    - target: {fileID: 123866, guid: d3c324f7d1cc64045ab231e0e0c0e9f7, type: 3}
      propertyPath: m_Layer
      value: 7
      objectReference: {fileID: 0}
    - target: {fileID: 124348, guid: d3c324f7d1cc64045ab231e0e0c0e9f7, type: 3}
      propertyPath: m_Layer
      value: 7
      objectReference: {fileID: 0}
    - target: {fileID: 125962, guid: d3c324f7d1cc64045ab231e0e0c0e9f7, type: 3}
      propertyPath: m_Layer
      value: 7
      objectReference: {fileID: 0}
    - target: {fileID: 127194, guid: d3c324f7d1cc64045ab231e0e0c0e9f7, type: 3}
      propertyPath: m_Layer
      value: 7
      objectReference: {fileID: 0}
    - target: {fileID: 127868, guid: d3c324f7d1cc64045ab231e0e0c0e9f7, type: 3}
      propertyPath: m_Layer
      value: 7
      objectReference: {fileID: 0}
    - target: {fileID: 129000, guid: d3c324f7d1cc64045ab231e0e0c0e9f7, type: 3}
      propertyPath: m_Layer
      value: 7
      objectReference: {fileID: 0}
    - target: {fileID: 130900, guid: d3c324f7d1cc64045ab231e0e0c0e9f7, type: 3}
      propertyPath: m_Layer
      value: 7
      objectReference: {fileID: 0}
    - target: {fileID: 131044, guid: d3c324f7d1cc64045ab231e0e0c0e9f7, type: 3}
      propertyPath: m_Layer
      value: 7
      objectReference: {fileID: 0}
    - target: {fileID: 131926, guid: d3c324f7d1cc64045ab231e0e0c0e9f7, type: 3}
      propertyPath: m_Layer
      value: 7
      objectReference: {fileID: 0}
    - target: {fileID: 132042, guid: d3c324f7d1cc64045ab231e0e0c0e9f7, type: 3}
      propertyPath: m_Layer
      value: 7
      objectReference: {fileID: 0}
    - target: {fileID: 132402, guid: d3c324f7d1cc64045ab231e0e0c0e9f7, type: 3}
      propertyPath: m_Layer
      value: 7
      objectReference: {fileID: 0}
    - target: {fileID: 132538, guid: d3c324f7d1cc64045ab231e0e0c0e9f7, type: 3}
      propertyPath: m_Layer
      value: 7
      objectReference: {fileID: 0}
    - target: {fileID: 135366, guid: d3c324f7d1cc64045ab231e0e0c0e9f7, type: 3}
      propertyPath: m_Layer
      value: 7
      objectReference: {fileID: 0}
    - target: {fileID: 135398, guid: d3c324f7d1cc64045ab231e0e0c0e9f7, type: 3}
      propertyPath: m_Layer
      value: 7
      objectReference: {fileID: 0}
    - target: {fileID: 135708, guid: d3c324f7d1cc64045ab231e0e0c0e9f7, type: 3}
      propertyPath: m_Layer
      value: 7
      objectReference: {fileID: 0}
    - target: {fileID: 135854, guid: d3c324f7d1cc64045ab231e0e0c0e9f7, type: 3}
      propertyPath: m_Layer
      value: 7
      objectReference: {fileID: 0}
    - target: {fileID: 136660, guid: d3c324f7d1cc64045ab231e0e0c0e9f7, type: 3}
      propertyPath: m_Layer
      value: 7
      objectReference: {fileID: 0}
    - target: {fileID: 136854, guid: d3c324f7d1cc64045ab231e0e0c0e9f7, type: 3}
      propertyPath: m_Layer
      value: 7
      objectReference: {fileID: 0}
    - target: {fileID: 137858, guid: d3c324f7d1cc64045ab231e0e0c0e9f7, type: 3}
      propertyPath: m_Layer
      value: 7
      objectReference: {fileID: 0}
    - target: {fileID: 138014, guid: d3c324f7d1cc64045ab231e0e0c0e9f7, type: 3}
      propertyPath: m_Layer
      value: 7
      objectReference: {fileID: 0}
    - target: {fileID: 138386, guid: d3c324f7d1cc64045ab231e0e0c0e9f7, type: 3}
      propertyPath: m_Layer
      value: 7
      objectReference: {fileID: 0}
    - target: {fileID: 140344, guid: d3c324f7d1cc64045ab231e0e0c0e9f7, type: 3}
      propertyPath: m_Name
      value: SA_Zombie_Robber Variant
      objectReference: {fileID: 0}
    - target: {fileID: 140344, guid: d3c324f7d1cc64045ab231e0e0c0e9f7, type: 3}
      propertyPath: m_Layer
      value: 7
      objectReference: {fileID: 0}
    - target: {fileID: 140590, guid: d3c324f7d1cc64045ab231e0e0c0e9f7, type: 3}
      propertyPath: m_Layer
      value: 7
      objectReference: {fileID: 0}
    - target: {fileID: 142682, guid: d3c324f7d1cc64045ab231e0e0c0e9f7, type: 3}
      propertyPath: m_Layer
      value: 7
      objectReference: {fileID: 0}
    - target: {fileID: 145934, guid: d3c324f7d1cc64045ab231e0e0c0e9f7, type: 3}
      propertyPath: m_Layer
      value: 7
      objectReference: {fileID: 0}
    - target: {fileID: 146506, guid: d3c324f7d1cc64045ab231e0e0c0e9f7, type: 3}
      propertyPath: m_Layer
      value: 7
      objectReference: {fileID: 0}
    - target: {fileID: 148222, guid: d3c324f7d1cc64045ab231e0e0c0e9f7, type: 3}
      propertyPath: m_Layer
      value: 7
      objectReference: {fileID: 0}
    - target: {fileID: 149014, guid: d3c324f7d1cc64045ab231e0e0c0e9f7, type: 3}
      propertyPath: m_Layer
      value: 7
      objectReference: {fileID: 0}
    - target: {fileID: 152390, guid: d3c324f7d1cc64045ab231e0e0c0e9f7, type: 3}
      propertyPath: m_Layer
      value: 7
      objectReference: {fileID: 0}
    - target: {fileID: 153496, guid: d3c324f7d1cc64045ab231e0e0c0e9f7, type: 3}
      propertyPath: m_Layer
      value: 7
      objectReference: {fileID: 0}
    - target: {fileID: 154668, guid: d3c324f7d1cc64045ab231e0e0c0e9f7, type: 3}
      propertyPath: m_Layer
      value: 7
      objectReference: {fileID: 0}
    - target: {fileID: 155068, guid: d3c324f7d1cc64045ab231e0e0c0e9f7, type: 3}
      propertyPath: m_Layer
      value: 7
      objectReference: {fileID: 0}
    - target: {fileID: 156190, guid: d3c324f7d1cc64045ab231e0e0c0e9f7, type: 3}
      propertyPath: m_Layer
      value: 7
      objectReference: {fileID: 0}
    - target: {fileID: 156580, guid: d3c324f7d1cc64045ab231e0e0c0e9f7, type: 3}
      propertyPath: m_Layer
      value: 7
      objectReference: {fileID: 0}
    - target: {fileID: 156590, guid: d3c324f7d1cc64045ab231e0e0c0e9f7, type: 3}
      propertyPath: m_Layer
      value: 7
      objectReference: {fileID: 0}
    - target: {fileID: 157094, guid: d3c324f7d1cc64045ab231e0e0c0e9f7, type: 3}
      propertyPath: m_Layer
      value: 7
      objectReference: {fileID: 0}
    - target: {fileID: 157466, guid: d3c324f7d1cc64045ab231e0e0c0e9f7, type: 3}
      propertyPath: m_Layer
      value: 7
      objectReference: {fileID: 0}
    - target: {fileID: 160744, guid: d3c324f7d1cc64045ab231e0e0c0e9f7, type: 3}
      propertyPath: m_Layer
      value: 7
      objectReference: {fileID: 0}
    - target: {fileID: 161320, guid: d3c324f7d1cc64045ab231e0e0c0e9f7, type: 3}
      propertyPath: m_Layer
      value: 7
      objectReference: {fileID: 0}
    - target: {fileID: 161552, guid: d3c324f7d1cc64045ab231e0e0c0e9f7, type: 3}
      propertyPath: m_Layer
      value: 7
      objectReference: {fileID: 0}
    - target: {fileID: 162072, guid: d3c324f7d1cc64045ab231e0e0c0e9f7, type: 3}
      propertyPath: m_Layer
      value: 7
      objectReference: {fileID: 0}
    - target: {fileID: 162958, guid: d3c324f7d1cc64045ab231e0e0c0e9f7, type: 3}
      propertyPath: m_Layer
      value: 7
      objectReference: {fileID: 0}
    - target: {fileID: 166586, guid: d3c324f7d1cc64045ab231e0e0c0e9f7, type: 3}
      propertyPath: m_Layer
      value: 7
      objectReference: {fileID: 0}
    - target: {fileID: 169206, guid: d3c324f7d1cc64045ab231e0e0c0e9f7, type: 3}
      propertyPath: m_Layer
      value: 7
      objectReference: {fileID: 0}
    - target: {fileID: 169228, guid: d3c324f7d1cc64045ab231e0e0c0e9f7, type: 3}
      propertyPath: m_Layer
      value: 7
      objectReference: {fileID: 0}
    - target: {fileID: 169298, guid: d3c324f7d1cc64045ab231e0e0c0e9f7, type: 3}
      propertyPath: m_Layer
      value: 7
      objectReference: {fileID: 0}
    - target: {fileID: 173100, guid: d3c324f7d1cc64045ab231e0e0c0e9f7, type: 3}
      propertyPath: m_Layer
      value: 7
      objectReference: {fileID: 0}
    - target: {fileID: 175258, guid: d3c324f7d1cc64045ab231e0e0c0e9f7, type: 3}
      propertyPath: m_Layer
      value: 7
      objectReference: {fileID: 0}
    - target: {fileID: 176852, guid: d3c324f7d1cc64045ab231e0e0c0e9f7, type: 3}
      propertyPath: m_Layer
      value: 7
      objectReference: {fileID: 0}
    - target: {fileID: 178554, guid: d3c324f7d1cc64045ab231e0e0c0e9f7, type: 3}
      propertyPath: m_Layer
      value: 7
      objectReference: {fileID: 0}
    - target: {fileID: 180872, guid: d3c324f7d1cc64045ab231e0e0c0e9f7, type: 3}
      propertyPath: m_Layer
      value: 7
      objectReference: {fileID: 0}
    - target: {fileID: 182960, guid: d3c324f7d1cc64045ab231e0e0c0e9f7, type: 3}
      propertyPath: m_Layer
      value: 7
      objectReference: {fileID: 0}
    - target: {fileID: 183146, guid: d3c324f7d1cc64045ab231e0e0c0e9f7, type: 3}
      propertyPath: m_Layer
      value: 7
      objectReference: {fileID: 0}
    - target: {fileID: 189770, guid: d3c324f7d1cc64045ab231e0e0c0e9f7, type: 3}
      propertyPath: m_Layer
      value: 7
      objectReference: {fileID: 0}
    - target: {fileID: 192280, guid: d3c324f7d1cc64045ab231e0e0c0e9f7, type: 3}
      propertyPath: m_Layer
      value: 7
      objectReference: {fileID: 0}
    - target: {fileID: 192538, guid: d3c324f7d1cc64045ab231e0e0c0e9f7, type: 3}
      propertyPath: m_Layer
      value: 7
      objectReference: {fileID: 0}
    - target: {fileID: 192668, guid: d3c324f7d1cc64045ab231e0e0c0e9f7, type: 3}
      propertyPath: m_Layer
      value: 7
      objectReference: {fileID: 0}
    - target: {fileID: 193468, guid: d3c324f7d1cc64045ab231e0e0c0e9f7, type: 3}
      propertyPath: m_Layer
      value: 7
      objectReference: {fileID: 0}
    - target: {fileID: 194558, guid: d3c324f7d1cc64045ab231e0e0c0e9f7, type: 3}
      propertyPath: m_Layer
      value: 7
      objectReference: {fileID: 0}
    - target: {fileID: 198482, guid: d3c324f7d1cc64045ab231e0e0c0e9f7, type: 3}
      propertyPath: m_Layer
      value: 7
      objectReference: {fileID: 0}
    - target: {fileID: 199178, guid: d3c324f7d1cc64045ab231e0e0c0e9f7, type: 3}
      propertyPath: m_Layer
      value: 7
      objectReference: {fileID: 0}
    - target: {fileID: 401248, guid: d3c324f7d1cc64045ab231e0e0c0e9f7, type: 3}
      propertyPath: m_RootOrder
      value: 0
      objectReference: {fileID: 0}
    - target: {fileID: 401248, guid: d3c324f7d1cc64045ab231e0e0c0e9f7, type: 3}
      propertyPath: m_LocalPosition.x
      value: -17
      objectReference: {fileID: 0}
    - target: {fileID: 401248, guid: d3c324f7d1cc64045ab231e0e0c0e9f7, type: 3}
      propertyPath: m_LocalPosition.y
      value: 1
      objectReference: {fileID: 0}
    - target: {fileID: 401248, guid: d3c324f7d1cc64045ab231e0e0c0e9f7, type: 3}
      propertyPath: m_LocalPosition.z
      value: -8.5
      objectReference: {fileID: 0}
    - target: {fileID: 401248, guid: d3c324f7d1cc64045ab231e0e0c0e9f7, type: 3}
      propertyPath: m_LocalRotation.w
      value: 1
      objectReference: {fileID: 0}
    - target: {fileID: 401248, guid: d3c324f7d1cc64045ab231e0e0c0e9f7, type: 3}
      propertyPath: m_LocalRotation.x
      value: -0
      objectReference: {fileID: 0}
    - target: {fileID: 401248, guid: d3c324f7d1cc64045ab231e0e0c0e9f7, type: 3}
      propertyPath: m_LocalRotation.y
      value: -0
      objectReference: {fileID: 0}
    - target: {fileID: 401248, guid: d3c324f7d1cc64045ab231e0e0c0e9f7, type: 3}
      propertyPath: m_LocalRotation.z
      value: -0
      objectReference: {fileID: 0}
    - target: {fileID: 401248, guid: d3c324f7d1cc64045ab231e0e0c0e9f7, type: 3}
      propertyPath: m_LocalEulerAnglesHint.x
      value: 0
      objectReference: {fileID: 0}
    - target: {fileID: 401248, guid: d3c324f7d1cc64045ab231e0e0c0e9f7, type: 3}
      propertyPath: m_LocalEulerAnglesHint.y
      value: 0
      objectReference: {fileID: 0}
    - target: {fileID: 401248, guid: d3c324f7d1cc64045ab231e0e0c0e9f7, type: 3}
      propertyPath: m_LocalEulerAnglesHint.z
      value: 0
      objectReference: {fileID: 0}
    m_RemovedComponents: []
  m_SourcePrefab: {fileID: 100100000, guid: d3c324f7d1cc64045ab231e0e0c0e9f7, type: 3}
--- !u!1 &2600310313022572901 stripped
GameObject:
  m_CorrespondingSourceObject: {fileID: 140344, guid: d3c324f7d1cc64045ab231e0e0c0e9f7, type: 3}
  m_PrefabInstance: {fileID: 2600310313022451037}
  m_PrefabAsset: {fileID: 0}
--- !u!65 &8316607045294869329
BoxCollider:
  m_ObjectHideFlags: 0
  m_CorrespondingSourceObject: {fileID: 0}
  m_PrefabInstance: {fileID: 0}
  m_PrefabAsset: {fileID: 0}
  m_GameObject: {fileID: 2600310313022572901}
  m_Material: {fileID: 0}
  m_IsTrigger: 0
  m_Enabled: 1
  serializedVersion: 2
  m_Size: {x: 1, y: 3, z: 1}
  m_Center: {x: 0, y: 1.5, z: 0}
--- !u!82 &6925133659230459884
AudioSource:
  m_ObjectHideFlags: 0
  m_CorrespondingSourceObject: {fileID: 0}
  m_PrefabInstance: {fileID: 0}
  m_PrefabAsset: {fileID: 0}
  m_GameObject: {fileID: 2600310313022572901}
  m_Enabled: 1
  serializedVersion: 4
  OutputAudioMixerGroup: {fileID: 0}
  m_audioClip: {fileID: 8300000, guid: a6aed1644a319684fba38b02825cd6d2, type: 3}
  m_PlayOnAwake: 1
  m_Volume: 0.5
  m_Pitch: 1
  Loop: 1
  Mute: 0
  Spatialize: 0
  SpatializePostEffects: 0
  Priority: 128
  DopplerLevel: 1
  MinDistance: 1
  MaxDistance: 40
  Pan2D: 0
  rolloffMode: 2
  BypassEffects: 0
  BypassListenerEffects: 0
  BypassReverbZones: 0
  rolloffCustomCurve:
    serializedVersion: 2
    m_Curve:
    - serializedVersion: 3
      time: 0
      value: 1.0000114
      inSlope: 0
      outSlope: 0
      tangentMode: 0
      weightedMode: 0
      inWeight: 0
      outWeight: 0
    - serializedVersion: 3
      time: 0.6260834
      value: 0
      inSlope: -0.011490885
      outSlope: -0.011490885
      tangentMode: 0
      weightedMode: 0
      inWeight: 0.36260623
      outWeight: 0
    m_PreInfinity: 2
    m_PostInfinity: 2
    m_RotationOrder: 4
  panLevelCustomCurve:
    serializedVersion: 2
    m_Curve:
    - serializedVersion: 3
      time: 0
      value: 1
      inSlope: 0
      outSlope: 0
      tangentMode: 0
      weightedMode: 0
      inWeight: 0.33333334
      outWeight: 0.33333334
    m_PreInfinity: 2
    m_PostInfinity: 2
    m_RotationOrder: 4
  spreadCustomCurve:
    serializedVersion: 2
    m_Curve:
    - serializedVersion: 3
      time: 0
      value: 0
      inSlope: 0
      outSlope: 0
      tangentMode: 0
      weightedMode: 0
      inWeight: 0.33333334
      outWeight: 0.33333334
    m_PreInfinity: 2
    m_PostInfinity: 2
    m_RotationOrder: 4
  reverbZoneMixCustomCurve:
    serializedVersion: 2
    m_Curve:
    - serializedVersion: 3
      time: 0
      value: 1
      inSlope: 0
      outSlope: 0
      tangentMode: 0
      weightedMode: 0
      inWeight: 0.33333334
      outWeight: 0.33333334
    m_PreInfinity: 2
    m_PostInfinity: 2
    m_RotationOrder: 4
--- !u!114 &1065111871
MonoBehaviour:
  m_ObjectHideFlags: 0
  m_CorrespondingSourceObject: {fileID: 0}
  m_PrefabInstance: {fileID: 0}
  m_PrefabAsset: {fileID: 0}
  m_GameObject: {fileID: 2600310313022572901}
  m_Enabled: 1
  m_EditorHideFlags: 0
  m_Script: {fileID: 11500000, guid: bdfb2061d8aa0ad45b15ec84c0fd83ed, type: 3}
  m_Name: 
  m_EditorClassIdentifier: 
  m_ZombieProfile: {fileID: 4399399794077926901}
  m_ZombieNavMesh: {fileID: 3683792638335198610}
--- !u!114 &3683792638335198610
MonoBehaviour:
  m_ObjectHideFlags: 0
  m_CorrespondingSourceObject: {fileID: 0}
  m_PrefabInstance: {fileID: 0}
  m_PrefabAsset: {fileID: 0}
  m_GameObject: {fileID: 2600310313022572901}
  m_Enabled: 1
  m_EditorHideFlags: 0
  m_Script: {fileID: 11500000, guid: 9da06c301055f1f44bfc4c40c0c4efde, type: 3}
  m_Name: 
  m_EditorClassIdentifier: 
  m_ZombieProfile: {fileID: 4399399794077926901}
  m_Target: {fileID: 0}
  m_MyNashMeshAgent: {fileID: 8794035260768842682}
  m_Speed: 3
--- !u!114 &4399399794077926901
MonoBehaviour:
  m_ObjectHideFlags: 0
  m_CorrespondingSourceObject: {fileID: 0}
  m_PrefabInstance: {fileID: 0}
  m_PrefabAsset: {fileID: 0}
  m_GameObject: {fileID: 2600310313022572901}
  m_Enabled: 1
  m_EditorHideFlags: 0
  m_Script: {fileID: 11500000, guid: afa742adb6dad2f4db54042ded5bd1ff, type: 3}
  m_Name: 
  m_EditorClassIdentifier: 
  m_MyAnimator: {fileID: 2600310313029922131}
  m_MaxHp: 10
  m_AttackRange: 3
  m_Atk: 1
--- !u!195 &8794035260768842682
NavMeshAgent:
  m_ObjectHideFlags: 0
  m_CorrespondingSourceObject: {fileID: 0}
  m_PrefabInstance: {fileID: 0}
  m_PrefabAsset: {fileID: 0}
  m_GameObject: {fileID: 2600310313022572901}
  m_Enabled: 1
  m_AgentTypeID: 0
  m_Radius: 0.5
  m_Speed: 3.5
  m_Acceleration: 8
  avoidancePriority: 50
  m_AngularSpeed: 120
  m_StoppingDistance: 0
  m_AutoTraverseOffMeshLink: 1
  m_AutoBraking: 1
  m_AutoRepath: 1
  m_Height: 3
  m_BaseOffset: 0
  m_WalkableMask: 4294967295
  m_ObstacleAvoidanceType: 4
--- !u!95 &2600310313029922131 stripped
Animator:
  m_CorrespondingSourceObject: {fileID: 9568270, guid: d3c324f7d1cc64045ab231e0e0c0e9f7, type: 3}
  m_PrefabInstance: {fileID: 2600310313022451037}
  m_PrefabAsset: {fileID: 0}
