%YAML 1.1
%TAG !u! tag:unity3d.com,2011:
--- !u!1001 &6254284620565349723
PrefabInstance:
  m_ObjectHideFlags: 0
  serializedVersion: 2
  m_Modification:
    m_TransformParent: {fileID: 0}
    m_Modifications:
    - target: {fileID: 101534, guid: 433545daff80fe347a73cc1fd76ebeee, type: 3}
      propertyPath: m_Layer
      value: 7
      objectReference: {fileID: 0}
    - target: {fileID: 105844, guid: 433545daff80fe347a73cc1fd76ebeee, type: 3}
      propertyPath: m_Layer
      value: 7
      objectReference: {fileID: 0}
    - target: {fileID: 106898, guid: 433545daff80fe347a73cc1fd76ebeee, type: 3}
      propertyPath: m_Layer
      value: 7
      objectReference: {fileID: 0}
    - target: {fileID: 107238, guid: 433545daff80fe347a73cc1fd76ebeee, type: 3}
      propertyPath: m_Layer
      value: 7
      objectReference: {fileID: 0}
    - target: {fileID: 107638, guid: 433545daff80fe347a73cc1fd76ebeee, type: 3}
      propertyPath: m_Layer
      value: 7
      objectReference: {fileID: 0}
    - target: {fileID: 108382, guid: 433545daff80fe347a73cc1fd76ebeee, type: 3}
      propertyPath: m_Layer
      value: 7
      objectReference: {fileID: 0}
    - target: {fileID: 110864, guid: 433545daff80fe347a73cc1fd76ebeee, type: 3}
      propertyPath: m_Layer
      value: 7
      objectReference: {fileID: 0}
    - target: {fileID: 116016, guid: 433545daff80fe347a73cc1fd76ebeee, type: 3}
      propertyPath: m_Layer
      value: 7
      objectReference: {fileID: 0}
    - target: {fileID: 118750, guid: 433545daff80fe347a73cc1fd76ebeee, type: 3}
      propertyPath: m_Layer
      value: 7
      objectReference: {fileID: 0}
    - target: {fileID: 119084, guid: 433545daff80fe347a73cc1fd76ebeee, type: 3}
      propertyPath: m_Layer
      value: 7
      objectReference: {fileID: 0}
    - target: {fileID: 121202, guid: 433545daff80fe347a73cc1fd76ebeee, type: 3}
      propertyPath: m_Layer
      value: 7
      objectReference: {fileID: 0}
    - target: {fileID: 121486, guid: 433545daff80fe347a73cc1fd76ebeee, type: 3}
      propertyPath: m_Layer
      value: 7
      objectReference: {fileID: 0}
    - target: {fileID: 122310, guid: 433545daff80fe347a73cc1fd76ebeee, type: 3}
      propertyPath: m_Layer
      value: 7
      objectReference: {fileID: 0}
    - target: {fileID: 123376, guid: 433545daff80fe347a73cc1fd76ebeee, type: 3}
      propertyPath: m_Layer
      value: 7
      objectReference: {fileID: 0}
    - target: {fileID: 123540, guid: 433545daff80fe347a73cc1fd76ebeee, type: 3}
      propertyPath: m_Layer
      value: 7
      objectReference: {fileID: 0}
    - target: {fileID: 123918, guid: 433545daff80fe347a73cc1fd76ebeee, type: 3}
      propertyPath: m_Layer
      value: 7
      objectReference: {fileID: 0}
    - target: {fileID: 124454, guid: 433545daff80fe347a73cc1fd76ebeee, type: 3}
      propertyPath: m_Layer
      value: 7
      objectReference: {fileID: 0}
    - target: {fileID: 128086, guid: 433545daff80fe347a73cc1fd76ebeee, type: 3}
      propertyPath: m_Layer
      value: 7
      objectReference: {fileID: 0}
    - target: {fileID: 128330, guid: 433545daff80fe347a73cc1fd76ebeee, type: 3}
      propertyPath: m_Layer
      value: 7
      objectReference: {fileID: 0}
    - target: {fileID: 130344, guid: 433545daff80fe347a73cc1fd76ebeee, type: 3}
      propertyPath: m_Layer
      value: 7
      objectReference: {fileID: 0}
    - target: {fileID: 131002, guid: 433545daff80fe347a73cc1fd76ebeee, type: 3}
      propertyPath: m_Layer
      value: 7
      objectReference: {fileID: 0}
    - target: {fileID: 131846, guid: 433545daff80fe347a73cc1fd76ebeee, type: 3}
      propertyPath: m_Layer
      value: 7
      objectReference: {fileID: 0}
    - target: {fileID: 132492, guid: 433545daff80fe347a73cc1fd76ebeee, type: 3}
      propertyPath: m_Layer
      value: 7
      objectReference: {fileID: 0}
    - target: {fileID: 134146, guid: 433545daff80fe347a73cc1fd76ebeee, type: 3}
      propertyPath: m_Layer
      value: 7
      objectReference: {fileID: 0}
    - target: {fileID: 134226, guid: 433545daff80fe347a73cc1fd76ebeee, type: 3}
      propertyPath: m_Layer
      value: 7
      objectReference: {fileID: 0}
    - target: {fileID: 134830, guid: 433545daff80fe347a73cc1fd76ebeee, type: 3}
      propertyPath: m_Layer
      value: 7
      objectReference: {fileID: 0}
    - target: {fileID: 135638, guid: 433545daff80fe347a73cc1fd76ebeee, type: 3}
      propertyPath: m_Name
      value: SA_Zombie_Trucker Variant
      objectReference: {fileID: 0}
    - target: {fileID: 135638, guid: 433545daff80fe347a73cc1fd76ebeee, type: 3}
      propertyPath: m_Layer
      value: 7
      objectReference: {fileID: 0}
    - target: {fileID: 139128, guid: 433545daff80fe347a73cc1fd76ebeee, type: 3}
      propertyPath: m_Layer
      value: 7
      objectReference: {fileID: 0}
    - target: {fileID: 140100, guid: 433545daff80fe347a73cc1fd76ebeee, type: 3}
      propertyPath: m_Layer
      value: 7
      objectReference: {fileID: 0}
    - target: {fileID: 140538, guid: 433545daff80fe347a73cc1fd76ebeee, type: 3}
      propertyPath: m_Layer
      value: 7
      objectReference: {fileID: 0}
    - target: {fileID: 141194, guid: 433545daff80fe347a73cc1fd76ebeee, type: 3}
      propertyPath: m_Layer
      value: 7
      objectReference: {fileID: 0}
    - target: {fileID: 142140, guid: 433545daff80fe347a73cc1fd76ebeee, type: 3}
      propertyPath: m_Layer
      value: 7
      objectReference: {fileID: 0}
    - target: {fileID: 145160, guid: 433545daff80fe347a73cc1fd76ebeee, type: 3}
      propertyPath: m_Layer
      value: 7
      objectReference: {fileID: 0}
    - target: {fileID: 146454, guid: 433545daff80fe347a73cc1fd76ebeee, type: 3}
      propertyPath: m_Layer
      value: 7
      objectReference: {fileID: 0}
    - target: {fileID: 146524, guid: 433545daff80fe347a73cc1fd76ebeee, type: 3}
      propertyPath: m_Layer
      value: 7
      objectReference: {fileID: 0}
    - target: {fileID: 148066, guid: 433545daff80fe347a73cc1fd76ebeee, type: 3}
      propertyPath: m_Layer
      value: 7
      objectReference: {fileID: 0}
    - target: {fileID: 150278, guid: 433545daff80fe347a73cc1fd76ebeee, type: 3}
      propertyPath: m_Layer
      value: 7
      objectReference: {fileID: 0}
    - target: {fileID: 150460, guid: 433545daff80fe347a73cc1fd76ebeee, type: 3}
      propertyPath: m_Layer
      value: 7
      objectReference: {fileID: 0}
    - target: {fileID: 150646, guid: 433545daff80fe347a73cc1fd76ebeee, type: 3}
      propertyPath: m_Layer
      value: 7
      objectReference: {fileID: 0}
    - target: {fileID: 151230, guid: 433545daff80fe347a73cc1fd76ebeee, type: 3}
      propertyPath: m_Layer
      value: 7
      objectReference: {fileID: 0}
    - target: {fileID: 153318, guid: 433545daff80fe347a73cc1fd76ebeee, type: 3}
      propertyPath: m_Layer
      value: 7
      objectReference: {fileID: 0}
    - target: {fileID: 156126, guid: 433545daff80fe347a73cc1fd76ebeee, type: 3}
      propertyPath: m_Layer
      value: 7
      objectReference: {fileID: 0}
    - target: {fileID: 159678, guid: 433545daff80fe347a73cc1fd76ebeee, type: 3}
      propertyPath: m_Layer
      value: 7
      objectReference: {fileID: 0}
    - target: {fileID: 159704, guid: 433545daff80fe347a73cc1fd76ebeee, type: 3}
      propertyPath: m_Layer
      value: 7
      objectReference: {fileID: 0}
    - target: {fileID: 161364, guid: 433545daff80fe347a73cc1fd76ebeee, type: 3}
      propertyPath: m_Layer
      value: 7
      objectReference: {fileID: 0}
    - target: {fileID: 161548, guid: 433545daff80fe347a73cc1fd76ebeee, type: 3}
      propertyPath: m_Layer
      value: 7
      objectReference: {fileID: 0}
    - target: {fileID: 162448, guid: 433545daff80fe347a73cc1fd76ebeee, type: 3}
      propertyPath: m_Layer
      value: 7
      objectReference: {fileID: 0}
    - target: {fileID: 167028, guid: 433545daff80fe347a73cc1fd76ebeee, type: 3}
      propertyPath: m_Layer
      value: 7
      objectReference: {fileID: 0}
    - target: {fileID: 167616, guid: 433545daff80fe347a73cc1fd76ebeee, type: 3}
      propertyPath: m_Layer
      value: 7
      objectReference: {fileID: 0}
    - target: {fileID: 170252, guid: 433545daff80fe347a73cc1fd76ebeee, type: 3}
      propertyPath: m_Layer
      value: 7
      objectReference: {fileID: 0}
    - target: {fileID: 171332, guid: 433545daff80fe347a73cc1fd76ebeee, type: 3}
      propertyPath: m_Layer
      value: 7
      objectReference: {fileID: 0}
    - target: {fileID: 174940, guid: 433545daff80fe347a73cc1fd76ebeee, type: 3}
      propertyPath: m_Layer
      value: 7
      objectReference: {fileID: 0}
    - target: {fileID: 175034, guid: 433545daff80fe347a73cc1fd76ebeee, type: 3}
      propertyPath: m_Layer
      value: 7
      objectReference: {fileID: 0}
    - target: {fileID: 178084, guid: 433545daff80fe347a73cc1fd76ebeee, type: 3}
      propertyPath: m_Layer
      value: 7
      objectReference: {fileID: 0}
    - target: {fileID: 178606, guid: 433545daff80fe347a73cc1fd76ebeee, type: 3}
      propertyPath: m_Layer
      value: 7
      objectReference: {fileID: 0}
    - target: {fileID: 180970, guid: 433545daff80fe347a73cc1fd76ebeee, type: 3}
      propertyPath: m_Layer
      value: 7
      objectReference: {fileID: 0}
    - target: {fileID: 181104, guid: 433545daff80fe347a73cc1fd76ebeee, type: 3}
      propertyPath: m_Layer
      value: 7
      objectReference: {fileID: 0}
    - target: {fileID: 181662, guid: 433545daff80fe347a73cc1fd76ebeee, type: 3}
      propertyPath: m_Layer
      value: 7
      objectReference: {fileID: 0}
    - target: {fileID: 181964, guid: 433545daff80fe347a73cc1fd76ebeee, type: 3}
      propertyPath: m_Layer
      value: 7
      objectReference: {fileID: 0}
    - target: {fileID: 182024, guid: 433545daff80fe347a73cc1fd76ebeee, type: 3}
      propertyPath: m_Layer
      value: 7
      objectReference: {fileID: 0}
    - target: {fileID: 182822, guid: 433545daff80fe347a73cc1fd76ebeee, type: 3}
      propertyPath: m_Layer
      value: 7
      objectReference: {fileID: 0}
    - target: {fileID: 186510, guid: 433545daff80fe347a73cc1fd76ebeee, type: 3}
      propertyPath: m_Layer
      value: 7
      objectReference: {fileID: 0}
    - target: {fileID: 187602, guid: 433545daff80fe347a73cc1fd76ebeee, type: 3}
      propertyPath: m_Layer
      value: 7
      objectReference: {fileID: 0}
    - target: {fileID: 187740, guid: 433545daff80fe347a73cc1fd76ebeee, type: 3}
      propertyPath: m_Layer
      value: 7
      objectReference: {fileID: 0}
    - target: {fileID: 188442, guid: 433545daff80fe347a73cc1fd76ebeee, type: 3}
      propertyPath: m_Layer
      value: 7
      objectReference: {fileID: 0}
    - target: {fileID: 190964, guid: 433545daff80fe347a73cc1fd76ebeee, type: 3}
      propertyPath: m_Layer
      value: 7
      objectReference: {fileID: 0}
    - target: {fileID: 191168, guid: 433545daff80fe347a73cc1fd76ebeee, type: 3}
      propertyPath: m_Layer
      value: 7
      objectReference: {fileID: 0}
    - target: {fileID: 192418, guid: 433545daff80fe347a73cc1fd76ebeee, type: 3}
      propertyPath: m_Layer
      value: 7
      objectReference: {fileID: 0}
    - target: {fileID: 193358, guid: 433545daff80fe347a73cc1fd76ebeee, type: 3}
      propertyPath: m_Layer
      value: 7
      objectReference: {fileID: 0}
    - target: {fileID: 194826, guid: 433545daff80fe347a73cc1fd76ebeee, type: 3}
      propertyPath: m_Layer
      value: 7
      objectReference: {fileID: 0}
    - target: {fileID: 195852, guid: 433545daff80fe347a73cc1fd76ebeee, type: 3}
      propertyPath: m_Layer
      value: 7
      objectReference: {fileID: 0}
    - target: {fileID: 196602, guid: 433545daff80fe347a73cc1fd76ebeee, type: 3}
      propertyPath: m_Layer
      value: 7
      objectReference: {fileID: 0}
    - target: {fileID: 197492, guid: 433545daff80fe347a73cc1fd76ebeee, type: 3}
      propertyPath: m_Layer
      value: 7
      objectReference: {fileID: 0}
    - target: {fileID: 455466, guid: 433545daff80fe347a73cc1fd76ebeee, type: 3}
      propertyPath: m_RootOrder
      value: 0
      objectReference: {fileID: 0}
    - target: {fileID: 455466, guid: 433545daff80fe347a73cc1fd76ebeee, type: 3}
      propertyPath: m_LocalPosition.x
      value: -17
      objectReference: {fileID: 0}
    - target: {fileID: 455466, guid: 433545daff80fe347a73cc1fd76ebeee, type: 3}
      propertyPath: m_LocalPosition.y
      value: 1
      objectReference: {fileID: 0}
    - target: {fileID: 455466, guid: 433545daff80fe347a73cc1fd76ebeee, type: 3}
      propertyPath: m_LocalPosition.z
      value: -8.5
      objectReference: {fileID: 0}
    - target: {fileID: 455466, guid: 433545daff80fe347a73cc1fd76ebeee, type: 3}
      propertyPath: m_LocalRotation.w
      value: 1
      objectReference: {fileID: 0}
    - target: {fileID: 455466, guid: 433545daff80fe347a73cc1fd76ebeee, type: 3}
      propertyPath: m_LocalRotation.x
      value: -0
      objectReference: {fileID: 0}
    - target: {fileID: 455466, guid: 433545daff80fe347a73cc1fd76ebeee, type: 3}
      propertyPath: m_LocalRotation.y
      value: -0
      objectReference: {fileID: 0}
    - target: {fileID: 455466, guid: 433545daff80fe347a73cc1fd76ebeee, type: 3}
      propertyPath: m_LocalRotation.z
      value: -0
      objectReference: {fileID: 0}
    - target: {fileID: 455466, guid: 433545daff80fe347a73cc1fd76ebeee, type: 3}
      propertyPath: m_LocalEulerAnglesHint.x
      value: 0
      objectReference: {fileID: 0}
    - target: {fileID: 455466, guid: 433545daff80fe347a73cc1fd76ebeee, type: 3}
      propertyPath: m_LocalEulerAnglesHint.y
      value: 0
      objectReference: {fileID: 0}
    - target: {fileID: 455466, guid: 433545daff80fe347a73cc1fd76ebeee, type: 3}
      propertyPath: m_LocalEulerAnglesHint.z
      value: 0
      objectReference: {fileID: 0}
    m_RemovedComponents: []
  m_SourcePrefab: {fileID: 100100000, guid: 433545daff80fe347a73cc1fd76ebeee, type: 3}
--- !u!95 &6254284620555982019 stripped
Animator:
  m_CorrespondingSourceObject: {fileID: 9507224, guid: 433545daff80fe347a73cc1fd76ebeee, type: 3}
  m_PrefabInstance: {fileID: 6254284620565349723}
  m_PrefabAsset: {fileID: 0}
--- !u!1 &6254284620565484685 stripped
GameObject:
  m_CorrespondingSourceObject: {fileID: 135638, guid: 433545daff80fe347a73cc1fd76ebeee, type: 3}
  m_PrefabInstance: {fileID: 6254284620565349723}
  m_PrefabAsset: {fileID: 0}
--- !u!65 &354399237616158105
BoxCollider:
  m_ObjectHideFlags: 0
  m_CorrespondingSourceObject: {fileID: 0}
  m_PrefabInstance: {fileID: 0}
  m_PrefabAsset: {fileID: 0}
  m_GameObject: {fileID: 6254284620565484685}
  m_Material: {fileID: 0}
  m_IsTrigger: 0
  m_Enabled: 1
  serializedVersion: 2
  m_Size: {x: 1, y: 3, z: 1}
  m_Center: {x: 0, y: 1.5, z: 0}
--- !u!82 &8033800972744099246
AudioSource:
  m_ObjectHideFlags: 0
  m_CorrespondingSourceObject: {fileID: 0}
  m_PrefabInstance: {fileID: 0}
  m_PrefabAsset: {fileID: 0}
  m_GameObject: {fileID: 6254284620565484685}
  m_Enabled: 1
  serializedVersion: 4
  OutputAudioMixerGroup: {fileID: 0}
  m_audioClip: {fileID: 8300000, guid: a6aed1644a319684fba38b02825cd6d2, type: 3}
  m_PlayOnAwake: 1
  m_Volume: 0.5
  m_Pitch: 1
  Loop: 1
  Mute: 0
  Spatialize: 0
  SpatializePostEffects: 0
  Priority: 128
  DopplerLevel: 1
  MinDistance: 1
  MaxDistance: 40
  Pan2D: 0
  rolloffMode: 2
  BypassEffects: 0
  BypassListenerEffects: 0
  BypassReverbZones: 0
  rolloffCustomCurve:
    serializedVersion: 2
    m_Curve:
    - serializedVersion: 3
      time: 0
      value: 1.0000114
      inSlope: 0
      outSlope: 0
      tangentMode: 0
      weightedMode: 0
      inWeight: 0
      outWeight: 0
    - serializedVersion: 3
      time: 0.6260834
      value: 0
      inSlope: -0.011490885
      outSlope: -0.011490885
      tangentMode: 0
      weightedMode: 0
      inWeight: 0.36260623
      outWeight: 0
    m_PreInfinity: 2
    m_PostInfinity: 2
    m_RotationOrder: 4
  panLevelCustomCurve:
    serializedVersion: 2
    m_Curve:
    - serializedVersion: 3
      time: 0
      value: 1
      inSlope: 0
      outSlope: 0
      tangentMode: 0
      weightedMode: 0
      inWeight: 0.33333334
      outWeight: 0.33333334
    m_PreInfinity: 2
    m_PostInfinity: 2
    m_RotationOrder: 4
  spreadCustomCurve:
    serializedVersion: 2
    m_Curve:
    - serializedVersion: 3
      time: 0
      value: 0
      inSlope: 0
      outSlope: 0
      tangentMode: 0
      weightedMode: 0
      inWeight: 0.33333334
      outWeight: 0.33333334
    m_PreInfinity: 2
    m_PostInfinity: 2
    m_RotationOrder: 4
  reverbZoneMixCustomCurve:
    serializedVersion: 2
    m_Curve:
    - serializedVersion: 3
      time: 0
      value: 1
      inSlope: 0
      outSlope: 0
      tangentMode: 0
      weightedMode: 0
      inWeight: 0.33333334
      outWeight: 0.33333334
    m_PreInfinity: 2
    m_PostInfinity: 2
    m_RotationOrder: 4
--- !u!114 &1909330338
MonoBehaviour:
  m_ObjectHideFlags: 0
  m_CorrespondingSourceObject: {fileID: 0}
  m_PrefabInstance: {fileID: 0}
  m_PrefabAsset: {fileID: 0}
  m_GameObject: {fileID: 6254284620565484685}
  m_Enabled: 1
  m_EditorHideFlags: 0
  m_Script: {fileID: 11500000, guid: bdfb2061d8aa0ad45b15ec84c0fd83ed, type: 3}
  m_Name: 
  m_EditorClassIdentifier: 
  m_ZombieProfile: {fileID: 6393325090613798663}
  m_ZombieNavMesh: {fileID: 4689311749354825350}
--- !u!195 &3977062351336981870
NavMeshAgent:
  m_ObjectHideFlags: 0
  m_CorrespondingSourceObject: {fileID: 0}
  m_PrefabInstance: {fileID: 0}
  m_PrefabAsset: {fileID: 0}
  m_GameObject: {fileID: 6254284620565484685}
  m_Enabled: 1
  m_AgentTypeID: 0
  m_Radius: 0.5
  m_Speed: 3.5
  m_Acceleration: 8
  avoidancePriority: 50
  m_AngularSpeed: 120
  m_StoppingDistance: 0
  m_AutoTraverseOffMeshLink: 1
  m_AutoBraking: 1
  m_AutoRepath: 1
  m_Height: 3
  m_BaseOffset: 0
  m_WalkableMask: 4294967295
  m_ObstacleAvoidanceType: 4
--- !u!114 &4689311749354825350
MonoBehaviour:
  m_ObjectHideFlags: 0
  m_CorrespondingSourceObject: {fileID: 0}
  m_PrefabInstance: {fileID: 0}
  m_PrefabAsset: {fileID: 0}
  m_GameObject: {fileID: 6254284620565484685}
  m_Enabled: 1
  m_EditorHideFlags: 0
  m_Script: {fileID: 11500000, guid: 9da06c301055f1f44bfc4c40c0c4efde, type: 3}
  m_Name: 
  m_EditorClassIdentifier: 
  m_ZombieProfile: {fileID: 6393325090613798663}
  m_Target: {fileID: 0}
  m_MyNashMeshAgent: {fileID: 3977062351336981870}
  m_Speed: 6
--- !u!114 &6393325090613798663
MonoBehaviour:
  m_ObjectHideFlags: 0
  m_CorrespondingSourceObject: {fileID: 0}
  m_PrefabInstance: {fileID: 0}
  m_PrefabAsset: {fileID: 0}
  m_GameObject: {fileID: 6254284620565484685}
  m_Enabled: 1
  m_EditorHideFlags: 0
  m_Script: {fileID: 11500000, guid: afa742adb6dad2f4db54042ded5bd1ff, type: 3}
  m_Name: 
  m_EditorClassIdentifier: 
  m_MyAnimator: {fileID: 6254284620555982019}
  m_MaxHp: 10
  m_AttackRange: 3
  m_Atk: 1
