%YAML 1.1
%TAG !u! tag:unity3d.com,2011:
--- !u!1001 &247912651632755872
PrefabInstance:
  m_ObjectHideFlags: 0
  serializedVersion: 2
  m_Modification:
    m_TransformParent: {fileID: 0}
    m_Modifications:
    - target: {fileID: 102558, guid: 6c48ed3b2c64908448212ef062aace3e, type: 3}
      propertyPath: m_Layer
      value: 7
      objectReference: {fileID: 0}
    - target: {fileID: 102610, guid: 6c48ed3b2c64908448212ef062aace3e, type: 3}
      propertyPath: m_Layer
      value: 7
      objectReference: {fileID: 0}
    - target: {fileID: 105584, guid: 6c48ed3b2c64908448212ef062aace3e, type: 3}
      propertyPath: m_Layer
      value: 7
      objectReference: {fileID: 0}
    - target: {fileID: 105872, guid: 6c48ed3b2c64908448212ef062aace3e, type: 3}
      propertyPath: m_Layer
      value: 7
      objectReference: {fileID: 0}
    - target: {fileID: 106252, guid: 6c48ed3b2c64908448212ef062aace3e, type: 3}
      propertyPath: m_Layer
      value: 7
      objectReference: {fileID: 0}
    - target: {fileID: 107232, guid: 6c48ed3b2c64908448212ef062aace3e, type: 3}
      propertyPath: m_Layer
      value: 7
      objectReference: {fileID: 0}
    - target: {fileID: 108482, guid: 6c48ed3b2c64908448212ef062aace3e, type: 3}
      propertyPath: m_Layer
      value: 7
      objectReference: {fileID: 0}
    - target: {fileID: 109214, guid: 6c48ed3b2c64908448212ef062aace3e, type: 3}
      propertyPath: m_Layer
      value: 7
      objectReference: {fileID: 0}
    - target: {fileID: 112528, guid: 6c48ed3b2c64908448212ef062aace3e, type: 3}
      propertyPath: m_Layer
      value: 7
      objectReference: {fileID: 0}
    - target: {fileID: 114464, guid: 6c48ed3b2c64908448212ef062aace3e, type: 3}
      propertyPath: m_Layer
      value: 7
      objectReference: {fileID: 0}
    - target: {fileID: 114532, guid: 6c48ed3b2c64908448212ef062aace3e, type: 3}
      propertyPath: m_Layer
      value: 7
      objectReference: {fileID: 0}
    - target: {fileID: 117426, guid: 6c48ed3b2c64908448212ef062aace3e, type: 3}
      propertyPath: m_Layer
      value: 7
      objectReference: {fileID: 0}
    - target: {fileID: 118930, guid: 6c48ed3b2c64908448212ef062aace3e, type: 3}
      propertyPath: m_Layer
      value: 7
      objectReference: {fileID: 0}
    - target: {fileID: 118990, guid: 6c48ed3b2c64908448212ef062aace3e, type: 3}
      propertyPath: m_Layer
      value: 7
      objectReference: {fileID: 0}
    - target: {fileID: 119274, guid: 6c48ed3b2c64908448212ef062aace3e, type: 3}
      propertyPath: m_Name
      value: SA_Zombie_Firefighter Variant
      objectReference: {fileID: 0}
    - target: {fileID: 119274, guid: 6c48ed3b2c64908448212ef062aace3e, type: 3}
      propertyPath: m_Layer
      value: 7
      objectReference: {fileID: 0}
    - target: {fileID: 119400, guid: 6c48ed3b2c64908448212ef062aace3e, type: 3}
      propertyPath: m_Layer
      value: 7
      objectReference: {fileID: 0}
    - target: {fileID: 124232, guid: 6c48ed3b2c64908448212ef062aace3e, type: 3}
      propertyPath: m_Layer
      value: 7
      objectReference: {fileID: 0}
    - target: {fileID: 126142, guid: 6c48ed3b2c64908448212ef062aace3e, type: 3}
      propertyPath: m_Layer
      value: 7
      objectReference: {fileID: 0}
    - target: {fileID: 128858, guid: 6c48ed3b2c64908448212ef062aace3e, type: 3}
      propertyPath: m_Layer
      value: 7
      objectReference: {fileID: 0}
    - target: {fileID: 129500, guid: 6c48ed3b2c64908448212ef062aace3e, type: 3}
      propertyPath: m_Layer
      value: 7
      objectReference: {fileID: 0}
    - target: {fileID: 130298, guid: 6c48ed3b2c64908448212ef062aace3e, type: 3}
      propertyPath: m_Layer
      value: 7
      objectReference: {fileID: 0}
    - target: {fileID: 131810, guid: 6c48ed3b2c64908448212ef062aace3e, type: 3}
      propertyPath: m_Layer
      value: 7
      objectReference: {fileID: 0}
    - target: {fileID: 133668, guid: 6c48ed3b2c64908448212ef062aace3e, type: 3}
      propertyPath: m_Layer
      value: 7
      objectReference: {fileID: 0}
    - target: {fileID: 136286, guid: 6c48ed3b2c64908448212ef062aace3e, type: 3}
      propertyPath: m_Layer
      value: 7
      objectReference: {fileID: 0}
    - target: {fileID: 137616, guid: 6c48ed3b2c64908448212ef062aace3e, type: 3}
      propertyPath: m_Layer
      value: 7
      objectReference: {fileID: 0}
    - target: {fileID: 138146, guid: 6c48ed3b2c64908448212ef062aace3e, type: 3}
      propertyPath: m_Layer
      value: 7
      objectReference: {fileID: 0}
    - target: {fileID: 140256, guid: 6c48ed3b2c64908448212ef062aace3e, type: 3}
      propertyPath: m_Layer
      value: 7
      objectReference: {fileID: 0}
    - target: {fileID: 140908, guid: 6c48ed3b2c64908448212ef062aace3e, type: 3}
      propertyPath: m_Layer
      value: 7
      objectReference: {fileID: 0}
    - target: {fileID: 141400, guid: 6c48ed3b2c64908448212ef062aace3e, type: 3}
      propertyPath: m_Layer
      value: 7
      objectReference: {fileID: 0}
    - target: {fileID: 141786, guid: 6c48ed3b2c64908448212ef062aace3e, type: 3}
      propertyPath: m_Layer
      value: 7
      objectReference: {fileID: 0}
    - target: {fileID: 142666, guid: 6c48ed3b2c64908448212ef062aace3e, type: 3}
      propertyPath: m_Layer
      value: 7
      objectReference: {fileID: 0}
    - target: {fileID: 143760, guid: 6c48ed3b2c64908448212ef062aace3e, type: 3}
      propertyPath: m_Layer
      value: 7
      objectReference: {fileID: 0}
    - target: {fileID: 145026, guid: 6c48ed3b2c64908448212ef062aace3e, type: 3}
      propertyPath: m_Layer
      value: 7
      objectReference: {fileID: 0}
    - target: {fileID: 145300, guid: 6c48ed3b2c64908448212ef062aace3e, type: 3}
      propertyPath: m_Layer
      value: 7
      objectReference: {fileID: 0}
    - target: {fileID: 147588, guid: 6c48ed3b2c64908448212ef062aace3e, type: 3}
      propertyPath: m_Layer
      value: 7
      objectReference: {fileID: 0}
    - target: {fileID: 148624, guid: 6c48ed3b2c64908448212ef062aace3e, type: 3}
      propertyPath: m_Layer
      value: 7
      objectReference: {fileID: 0}
    - target: {fileID: 149670, guid: 6c48ed3b2c64908448212ef062aace3e, type: 3}
      propertyPath: m_Layer
      value: 7
      objectReference: {fileID: 0}
    - target: {fileID: 150740, guid: 6c48ed3b2c64908448212ef062aace3e, type: 3}
      propertyPath: m_Layer
      value: 7
      objectReference: {fileID: 0}
    - target: {fileID: 159074, guid: 6c48ed3b2c64908448212ef062aace3e, type: 3}
      propertyPath: m_Layer
      value: 7
      objectReference: {fileID: 0}
    - target: {fileID: 160606, guid: 6c48ed3b2c64908448212ef062aace3e, type: 3}
      propertyPath: m_Layer
      value: 7
      objectReference: {fileID: 0}
    - target: {fileID: 161080, guid: 6c48ed3b2c64908448212ef062aace3e, type: 3}
      propertyPath: m_Layer
      value: 7
      objectReference: {fileID: 0}
    - target: {fileID: 161362, guid: 6c48ed3b2c64908448212ef062aace3e, type: 3}
      propertyPath: m_Layer
      value: 7
      objectReference: {fileID: 0}
    - target: {fileID: 162188, guid: 6c48ed3b2c64908448212ef062aace3e, type: 3}
      propertyPath: m_Layer
      value: 7
      objectReference: {fileID: 0}
    - target: {fileID: 167090, guid: 6c48ed3b2c64908448212ef062aace3e, type: 3}
      propertyPath: m_Layer
      value: 7
      objectReference: {fileID: 0}
    - target: {fileID: 168022, guid: 6c48ed3b2c64908448212ef062aace3e, type: 3}
      propertyPath: m_Layer
      value: 7
      objectReference: {fileID: 0}
    - target: {fileID: 168776, guid: 6c48ed3b2c64908448212ef062aace3e, type: 3}
      propertyPath: m_Layer
      value: 7
      objectReference: {fileID: 0}
    - target: {fileID: 169656, guid: 6c48ed3b2c64908448212ef062aace3e, type: 3}
      propertyPath: m_Layer
      value: 7
      objectReference: {fileID: 0}
    - target: {fileID: 173040, guid: 6c48ed3b2c64908448212ef062aace3e, type: 3}
      propertyPath: m_Layer
      value: 7
      objectReference: {fileID: 0}
    - target: {fileID: 175494, guid: 6c48ed3b2c64908448212ef062aace3e, type: 3}
      propertyPath: m_Layer
      value: 7
      objectReference: {fileID: 0}
    - target: {fileID: 175596, guid: 6c48ed3b2c64908448212ef062aace3e, type: 3}
      propertyPath: m_Layer
      value: 7
      objectReference: {fileID: 0}
    - target: {fileID: 177248, guid: 6c48ed3b2c64908448212ef062aace3e, type: 3}
      propertyPath: m_Layer
      value: 7
      objectReference: {fileID: 0}
    - target: {fileID: 177446, guid: 6c48ed3b2c64908448212ef062aace3e, type: 3}
      propertyPath: m_Layer
      value: 7
      objectReference: {fileID: 0}
    - target: {fileID: 178492, guid: 6c48ed3b2c64908448212ef062aace3e, type: 3}
      propertyPath: m_Layer
      value: 7
      objectReference: {fileID: 0}
    - target: {fileID: 178990, guid: 6c48ed3b2c64908448212ef062aace3e, type: 3}
      propertyPath: m_Layer
      value: 7
      objectReference: {fileID: 0}
    - target: {fileID: 181526, guid: 6c48ed3b2c64908448212ef062aace3e, type: 3}
      propertyPath: m_Layer
      value: 7
      objectReference: {fileID: 0}
    - target: {fileID: 182082, guid: 6c48ed3b2c64908448212ef062aace3e, type: 3}
      propertyPath: m_Layer
      value: 7
      objectReference: {fileID: 0}
    - target: {fileID: 183482, guid: 6c48ed3b2c64908448212ef062aace3e, type: 3}
      propertyPath: m_Layer
      value: 7
      objectReference: {fileID: 0}
    - target: {fileID: 183590, guid: 6c48ed3b2c64908448212ef062aace3e, type: 3}
      propertyPath: m_Layer
      value: 7
      objectReference: {fileID: 0}
    - target: {fileID: 183640, guid: 6c48ed3b2c64908448212ef062aace3e, type: 3}
      propertyPath: m_Layer
      value: 7
      objectReference: {fileID: 0}
    - target: {fileID: 184270, guid: 6c48ed3b2c64908448212ef062aace3e, type: 3}
      propertyPath: m_Layer
      value: 7
      objectReference: {fileID: 0}
    - target: {fileID: 185488, guid: 6c48ed3b2c64908448212ef062aace3e, type: 3}
      propertyPath: m_Layer
      value: 7
      objectReference: {fileID: 0}
    - target: {fileID: 187224, guid: 6c48ed3b2c64908448212ef062aace3e, type: 3}
      propertyPath: m_Layer
      value: 7
      objectReference: {fileID: 0}
    - target: {fileID: 187322, guid: 6c48ed3b2c64908448212ef062aace3e, type: 3}
      propertyPath: m_Layer
      value: 7
      objectReference: {fileID: 0}
    - target: {fileID: 187348, guid: 6c48ed3b2c64908448212ef062aace3e, type: 3}
      propertyPath: m_Layer
      value: 7
      objectReference: {fileID: 0}
    - target: {fileID: 187740, guid: 6c48ed3b2c64908448212ef062aace3e, type: 3}
      propertyPath: m_Layer
      value: 7
      objectReference: {fileID: 0}
    - target: {fileID: 188130, guid: 6c48ed3b2c64908448212ef062aace3e, type: 3}
      propertyPath: m_Layer
      value: 7
      objectReference: {fileID: 0}
    - target: {fileID: 190990, guid: 6c48ed3b2c64908448212ef062aace3e, type: 3}
      propertyPath: m_Layer
      value: 7
      objectReference: {fileID: 0}
    - target: {fileID: 193732, guid: 6c48ed3b2c64908448212ef062aace3e, type: 3}
      propertyPath: m_Layer
      value: 7
      objectReference: {fileID: 0}
    - target: {fileID: 194632, guid: 6c48ed3b2c64908448212ef062aace3e, type: 3}
      propertyPath: m_Layer
      value: 7
      objectReference: {fileID: 0}
    - target: {fileID: 195922, guid: 6c48ed3b2c64908448212ef062aace3e, type: 3}
      propertyPath: m_Layer
      value: 7
      objectReference: {fileID: 0}
    - target: {fileID: 196634, guid: 6c48ed3b2c64908448212ef062aace3e, type: 3}
      propertyPath: m_Layer
      value: 7
      objectReference: {fileID: 0}
    - target: {fileID: 197324, guid: 6c48ed3b2c64908448212ef062aace3e, type: 3}
      propertyPath: m_Layer
      value: 7
      objectReference: {fileID: 0}
    - target: {fileID: 199484, guid: 6c48ed3b2c64908448212ef062aace3e, type: 3}
      propertyPath: m_Layer
      value: 7
      objectReference: {fileID: 0}
    - target: {fileID: 463928, guid: 6c48ed3b2c64908448212ef062aace3e, type: 3}
      propertyPath: m_RootOrder
      value: 0
      objectReference: {fileID: 0}
    - target: {fileID: 463928, guid: 6c48ed3b2c64908448212ef062aace3e, type: 3}
      propertyPath: m_LocalPosition.x
      value: -17
      objectReference: {fileID: 0}
    - target: {fileID: 463928, guid: 6c48ed3b2c64908448212ef062aace3e, type: 3}
      propertyPath: m_LocalPosition.y
      value: 1
      objectReference: {fileID: 0}
    - target: {fileID: 463928, guid: 6c48ed3b2c64908448212ef062aace3e, type: 3}
      propertyPath: m_LocalPosition.z
      value: -8.5
      objectReference: {fileID: 0}
    - target: {fileID: 463928, guid: 6c48ed3b2c64908448212ef062aace3e, type: 3}
      propertyPath: m_LocalRotation.w
      value: 1
      objectReference: {fileID: 0}
    - target: {fileID: 463928, guid: 6c48ed3b2c64908448212ef062aace3e, type: 3}
      propertyPath: m_LocalRotation.x
      value: -0
      objectReference: {fileID: 0}
    - target: {fileID: 463928, guid: 6c48ed3b2c64908448212ef062aace3e, type: 3}
      propertyPath: m_LocalRotation.y
      value: -0
      objectReference: {fileID: 0}
    - target: {fileID: 463928, guid: 6c48ed3b2c64908448212ef062aace3e, type: 3}
      propertyPath: m_LocalRotation.z
      value: -0
      objectReference: {fileID: 0}
    - target: {fileID: 463928, guid: 6c48ed3b2c64908448212ef062aace3e, type: 3}
      propertyPath: m_LocalEulerAnglesHint.x
      value: 0
      objectReference: {fileID: 0}
    - target: {fileID: 463928, guid: 6c48ed3b2c64908448212ef062aace3e, type: 3}
      propertyPath: m_LocalEulerAnglesHint.y
      value: 0
      objectReference: {fileID: 0}
    - target: {fileID: 463928, guid: 6c48ed3b2c64908448212ef062aace3e, type: 3}
      propertyPath: m_LocalEulerAnglesHint.z
      value: 0
      objectReference: {fileID: 0}
    m_RemovedComponents: []
  m_SourcePrefab: {fileID: 100100000, guid: 6c48ed3b2c64908448212ef062aace3e, type: 3}
--- !u!95 &247912651625546632 stripped
Animator:
  m_CorrespondingSourceObject: {fileID: 9570088, guid: 6c48ed3b2c64908448212ef062aace3e, type: 3}
  m_PrefabInstance: {fileID: 247912651632755872}
  m_PrefabAsset: {fileID: 0}
--- !u!1 &247912651632710986 stripped
GameObject:
  m_CorrespondingSourceObject: {fileID: 119274, guid: 6c48ed3b2c64908448212ef062aace3e, type: 3}
  m_PrefabInstance: {fileID: 247912651632755872}
  m_PrefabAsset: {fileID: 0}
--- !u!65 &6264621208734780718
BoxCollider:
  m_ObjectHideFlags: 0
  m_CorrespondingSourceObject: {fileID: 0}
  m_PrefabInstance: {fileID: 0}
  m_PrefabAsset: {fileID: 0}
  m_GameObject: {fileID: 247912651632710986}
  m_Material: {fileID: 0}
  m_IsTrigger: 0
  m_Enabled: 1
  serializedVersion: 2
  m_Size: {x: 1, y: 3, z: 1}
  m_Center: {x: 0, y: 1.5, z: 0}
--- !u!82 &-7928849756389402450
AudioSource:
  m_ObjectHideFlags: 0
  m_CorrespondingSourceObject: {fileID: 0}
  m_PrefabInstance: {fileID: 0}
  m_PrefabAsset: {fileID: 0}
  m_GameObject: {fileID: 247912651632710986}
  m_Enabled: 1
  serializedVersion: 4
  OutputAudioMixerGroup: {fileID: 0}
  m_audioClip: {fileID: 8300000, guid: a6aed1644a319684fba38b02825cd6d2, type: 3}
  m_PlayOnAwake: 1
  m_Volume: 0.5
  m_Pitch: 1
  Loop: 1
  Mute: 0
  Spatialize: 0
  SpatializePostEffects: 0
  Priority: 128
  DopplerLevel: 1
  MinDistance: 1
  MaxDistance: 40
  Pan2D: 0
  rolloffMode: 2
  BypassEffects: 0
  BypassListenerEffects: 0
  BypassReverbZones: 0
  rolloffCustomCurve:
    serializedVersion: 2
    m_Curve:
    - serializedVersion: 3
      time: 0
      value: 1.0000114
      inSlope: 0
      outSlope: 0
      tangentMode: 0
      weightedMode: 0
      inWeight: 0
      outWeight: 0
    - serializedVersion: 3
      time: 0.6260834
      value: 0
      inSlope: -0.011490885
      outSlope: -0.011490885
      tangentMode: 0
      weightedMode: 0
      inWeight: 0.36260623
      outWeight: 0
    m_PreInfinity: 2
    m_PostInfinity: 2
    m_RotationOrder: 4
  panLevelCustomCurve:
    serializedVersion: 2
    m_Curve:
    - serializedVersion: 3
      time: 0
      value: 1
      inSlope: 0
      outSlope: 0
      tangentMode: 0
      weightedMode: 0
      inWeight: 0.33333334
      outWeight: 0.33333334
    m_PreInfinity: 2
    m_PostInfinity: 2
    m_RotationOrder: 4
  spreadCustomCurve:
    serializedVersion: 2
    m_Curve:
    - serializedVersion: 3
      time: 0
      value: 0
      inSlope: 0
      outSlope: 0
      tangentMode: 0
      weightedMode: 0
      inWeight: 0.33333334
      outWeight: 0.33333334
    m_PreInfinity: 2
    m_PostInfinity: 2
    m_RotationOrder: 4
  reverbZoneMixCustomCurve:
    serializedVersion: 2
    m_Curve:
    - serializedVersion: 3
      time: 0
      value: 1
      inSlope: 0
      outSlope: 0
      tangentMode: 0
      weightedMode: 0
      inWeight: 0.33333334
      outWeight: 0.33333334
    m_PreInfinity: 2
    m_PostInfinity: 2
    m_RotationOrder: 4
--- !u!114 &990953241
MonoBehaviour:
  m_ObjectHideFlags: 0
  m_CorrespondingSourceObject: {fileID: 0}
  m_PrefabInstance: {fileID: 0}
  m_PrefabAsset: {fileID: 0}
  m_GameObject: {fileID: 247912651632710986}
  m_Enabled: 1
  m_EditorHideFlags: 0
  m_Script: {fileID: 11500000, guid: bdfb2061d8aa0ad45b15ec84c0fd83ed, type: 3}
  m_Name: 
  m_EditorClassIdentifier: 
  m_ZombieProfile: {fileID: 333665453206884444}
  m_ZombieNavMesh: {fileID: 1410758219523412161}
--- !u!114 &333665453206884444
MonoBehaviour:
  m_ObjectHideFlags: 0
  m_CorrespondingSourceObject: {fileID: 0}
  m_PrefabInstance: {fileID: 0}
  m_PrefabAsset: {fileID: 0}
  m_GameObject: {fileID: 247912651632710986}
  m_Enabled: 1
  m_EditorHideFlags: 0
  m_Script: {fileID: 11500000, guid: afa742adb6dad2f4db54042ded5bd1ff, type: 3}
  m_Name: 
  m_EditorClassIdentifier: 
  m_MyAnimator: {fileID: 247912651625546632}
  m_MaxHp: 10
  m_AttackRange: 3
  m_Atk: 1
--- !u!114 &1410758219523412161
MonoBehaviour:
  m_ObjectHideFlags: 0
  m_CorrespondingSourceObject: {fileID: 0}
  m_PrefabInstance: {fileID: 0}
  m_PrefabAsset: {fileID: 0}
  m_GameObject: {fileID: 247912651632710986}
  m_Enabled: 1
  m_EditorHideFlags: 0
  m_Script: {fileID: 11500000, guid: 9da06c301055f1f44bfc4c40c0c4efde, type: 3}
  m_Name: 
  m_EditorClassIdentifier: 
  m_ZombieProfile: {fileID: 333665453206884444}
  m_Target: {fileID: 0}
  m_MyNashMeshAgent: {fileID: 5409028867556889658}
  m_Speed: 3
--- !u!195 &5409028867556889658
NavMeshAgent:
  m_ObjectHideFlags: 0
  m_CorrespondingSourceObject: {fileID: 0}
  m_PrefabInstance: {fileID: 0}
  m_PrefabAsset: {fileID: 0}
  m_GameObject: {fileID: 247912651632710986}
  m_Enabled: 1
  m_AgentTypeID: 0
  m_Radius: 0.5
  m_Speed: 3.5
  m_Acceleration: 8
  avoidancePriority: 50
  m_AngularSpeed: 120
  m_StoppingDistance: 0
  m_AutoTraverseOffMeshLink: 1
  m_AutoBraking: 1
  m_AutoRepath: 1
  m_Height: 3
  m_BaseOffset: 0
  m_WalkableMask: 4294967295
  m_ObstacleAvoidanceType: 4
