%YAML 1.1
%TAG !u! tag:unity3d.com,2011:
--- !u!1001 &6564121902446654430
PrefabInstance:
  m_ObjectHideFlags: 0
  serializedVersion: 2
  m_Modification:
    m_TransformParent: {fileID: 0}
    m_Modifications:
    - target: {fileID: 102706, guid: 94a1f41d699408c4b89c5dd302ad12ea, type: 3}
      propertyPath: m_Layer
      value: 7
      objectReference: {fileID: 0}
    - target: {fileID: 103050, guid: 94a1f41d699408c4b89c5dd302ad12ea, type: 3}
      propertyPath: m_Layer
      value: 7
      objectReference: {fileID: 0}
    - target: {fileID: 103286, guid: 94a1f41d699408c4b89c5dd302ad12ea, type: 3}
      propertyPath: m_Layer
      value: 7
      objectReference: {fileID: 0}
    - target: {fileID: 103844, guid: 94a1f41d699408c4b89c5dd302ad12ea, type: 3}
      propertyPath: m_Layer
      value: 7
      objectReference: {fileID: 0}
    - target: {fileID: 105042, guid: 94a1f41d699408c4b89c5dd302ad12ea, type: 3}
      propertyPath: m_Layer
      value: 7
      objectReference: {fileID: 0}
    - target: {fileID: 105092, guid: 94a1f41d699408c4b89c5dd302ad12ea, type: 3}
      propertyPath: m_Layer
      value: 7
      objectReference: {fileID: 0}
    - target: {fileID: 105622, guid: 94a1f41d699408c4b89c5dd302ad12ea, type: 3}
      propertyPath: m_Layer
      value: 7
      objectReference: {fileID: 0}
    - target: {fileID: 105892, guid: 94a1f41d699408c4b89c5dd302ad12ea, type: 3}
      propertyPath: m_Layer
      value: 7
      objectReference: {fileID: 0}
    - target: {fileID: 106152, guid: 94a1f41d699408c4b89c5dd302ad12ea, type: 3}
      propertyPath: m_Layer
      value: 7
      objectReference: {fileID: 0}
    - target: {fileID: 106710, guid: 94a1f41d699408c4b89c5dd302ad12ea, type: 3}
      propertyPath: m_Layer
      value: 7
      objectReference: {fileID: 0}
    - target: {fileID: 107752, guid: 94a1f41d699408c4b89c5dd302ad12ea, type: 3}
      propertyPath: m_Layer
      value: 7
      objectReference: {fileID: 0}
    - target: {fileID: 108012, guid: 94a1f41d699408c4b89c5dd302ad12ea, type: 3}
      propertyPath: m_Layer
      value: 7
      objectReference: {fileID: 0}
    - target: {fileID: 109150, guid: 94a1f41d699408c4b89c5dd302ad12ea, type: 3}
      propertyPath: m_Layer
      value: 7
      objectReference: {fileID: 0}
    - target: {fileID: 109266, guid: 94a1f41d699408c4b89c5dd302ad12ea, type: 3}
      propertyPath: m_Layer
      value: 7
      objectReference: {fileID: 0}
    - target: {fileID: 110022, guid: 94a1f41d699408c4b89c5dd302ad12ea, type: 3}
      propertyPath: m_Layer
      value: 7
      objectReference: {fileID: 0}
    - target: {fileID: 116146, guid: 94a1f41d699408c4b89c5dd302ad12ea, type: 3}
      propertyPath: m_Layer
      value: 7
      objectReference: {fileID: 0}
    - target: {fileID: 117142, guid: 94a1f41d699408c4b89c5dd302ad12ea, type: 3}
      propertyPath: m_Layer
      value: 7
      objectReference: {fileID: 0}
    - target: {fileID: 119250, guid: 94a1f41d699408c4b89c5dd302ad12ea, type: 3}
      propertyPath: m_Layer
      value: 7
      objectReference: {fileID: 0}
    - target: {fileID: 122152, guid: 94a1f41d699408c4b89c5dd302ad12ea, type: 3}
      propertyPath: m_Layer
      value: 7
      objectReference: {fileID: 0}
    - target: {fileID: 122260, guid: 94a1f41d699408c4b89c5dd302ad12ea, type: 3}
      propertyPath: m_Layer
      value: 7
      objectReference: {fileID: 0}
    - target: {fileID: 123600, guid: 94a1f41d699408c4b89c5dd302ad12ea, type: 3}
      propertyPath: m_Layer
      value: 7
      objectReference: {fileID: 0}
    - target: {fileID: 128558, guid: 94a1f41d699408c4b89c5dd302ad12ea, type: 3}
      propertyPath: m_Layer
      value: 7
      objectReference: {fileID: 0}
    - target: {fileID: 128620, guid: 94a1f41d699408c4b89c5dd302ad12ea, type: 3}
      propertyPath: m_Layer
      value: 7
      objectReference: {fileID: 0}
    - target: {fileID: 128764, guid: 94a1f41d699408c4b89c5dd302ad12ea, type: 3}
      propertyPath: m_Layer
      value: 7
      objectReference: {fileID: 0}
    - target: {fileID: 128830, guid: 94a1f41d699408c4b89c5dd302ad12ea, type: 3}
      propertyPath: m_Layer
      value: 7
      objectReference: {fileID: 0}
    - target: {fileID: 129300, guid: 94a1f41d699408c4b89c5dd302ad12ea, type: 3}
      propertyPath: m_Layer
      value: 7
      objectReference: {fileID: 0}
    - target: {fileID: 130062, guid: 94a1f41d699408c4b89c5dd302ad12ea, type: 3}
      propertyPath: m_Layer
      value: 7
      objectReference: {fileID: 0}
    - target: {fileID: 130386, guid: 94a1f41d699408c4b89c5dd302ad12ea, type: 3}
      propertyPath: m_Layer
      value: 7
      objectReference: {fileID: 0}
    - target: {fileID: 130908, guid: 94a1f41d699408c4b89c5dd302ad12ea, type: 3}
      propertyPath: m_Layer
      value: 7
      objectReference: {fileID: 0}
    - target: {fileID: 132422, guid: 94a1f41d699408c4b89c5dd302ad12ea, type: 3}
      propertyPath: m_Layer
      value: 7
      objectReference: {fileID: 0}
    - target: {fileID: 134690, guid: 94a1f41d699408c4b89c5dd302ad12ea, type: 3}
      propertyPath: m_Layer
      value: 7
      objectReference: {fileID: 0}
    - target: {fileID: 135258, guid: 94a1f41d699408c4b89c5dd302ad12ea, type: 3}
      propertyPath: m_Layer
      value: 7
      objectReference: {fileID: 0}
    - target: {fileID: 135692, guid: 94a1f41d699408c4b89c5dd302ad12ea, type: 3}
      propertyPath: m_Layer
      value: 7
      objectReference: {fileID: 0}
    - target: {fileID: 138000, guid: 94a1f41d699408c4b89c5dd302ad12ea, type: 3}
      propertyPath: m_Layer
      value: 7
      objectReference: {fileID: 0}
    - target: {fileID: 141176, guid: 94a1f41d699408c4b89c5dd302ad12ea, type: 3}
      propertyPath: m_Layer
      value: 7
      objectReference: {fileID: 0}
    - target: {fileID: 142656, guid: 94a1f41d699408c4b89c5dd302ad12ea, type: 3}
      propertyPath: m_Layer
      value: 7
      objectReference: {fileID: 0}
    - target: {fileID: 146642, guid: 94a1f41d699408c4b89c5dd302ad12ea, type: 3}
      propertyPath: m_Layer
      value: 7
      objectReference: {fileID: 0}
    - target: {fileID: 147112, guid: 94a1f41d699408c4b89c5dd302ad12ea, type: 3}
      propertyPath: m_Layer
      value: 7
      objectReference: {fileID: 0}
    - target: {fileID: 148040, guid: 94a1f41d699408c4b89c5dd302ad12ea, type: 3}
      propertyPath: m_Layer
      value: 7
      objectReference: {fileID: 0}
    - target: {fileID: 148224, guid: 94a1f41d699408c4b89c5dd302ad12ea, type: 3}
      propertyPath: m_Layer
      value: 7
      objectReference: {fileID: 0}
    - target: {fileID: 152058, guid: 94a1f41d699408c4b89c5dd302ad12ea, type: 3}
      propertyPath: m_Layer
      value: 7
      objectReference: {fileID: 0}
    - target: {fileID: 152298, guid: 94a1f41d699408c4b89c5dd302ad12ea, type: 3}
      propertyPath: m_Layer
      value: 7
      objectReference: {fileID: 0}
    - target: {fileID: 152730, guid: 94a1f41d699408c4b89c5dd302ad12ea, type: 3}
      propertyPath: m_Layer
      value: 7
      objectReference: {fileID: 0}
    - target: {fileID: 154080, guid: 94a1f41d699408c4b89c5dd302ad12ea, type: 3}
      propertyPath: m_Layer
      value: 7
      objectReference: {fileID: 0}
    - target: {fileID: 154114, guid: 94a1f41d699408c4b89c5dd302ad12ea, type: 3}
      propertyPath: m_Layer
      value: 7
      objectReference: {fileID: 0}
    - target: {fileID: 155652, guid: 94a1f41d699408c4b89c5dd302ad12ea, type: 3}
      propertyPath: m_Layer
      value: 7
      objectReference: {fileID: 0}
    - target: {fileID: 156056, guid: 94a1f41d699408c4b89c5dd302ad12ea, type: 3}
      propertyPath: m_Layer
      value: 7
      objectReference: {fileID: 0}
    - target: {fileID: 156712, guid: 94a1f41d699408c4b89c5dd302ad12ea, type: 3}
      propertyPath: m_Layer
      value: 7
      objectReference: {fileID: 0}
    - target: {fileID: 158652, guid: 94a1f41d699408c4b89c5dd302ad12ea, type: 3}
      propertyPath: m_Layer
      value: 7
      objectReference: {fileID: 0}
    - target: {fileID: 162798, guid: 94a1f41d699408c4b89c5dd302ad12ea, type: 3}
      propertyPath: m_Layer
      value: 7
      objectReference: {fileID: 0}
    - target: {fileID: 163290, guid: 94a1f41d699408c4b89c5dd302ad12ea, type: 3}
      propertyPath: m_Layer
      value: 7
      objectReference: {fileID: 0}
    - target: {fileID: 164226, guid: 94a1f41d699408c4b89c5dd302ad12ea, type: 3}
      propertyPath: m_Layer
      value: 7
      objectReference: {fileID: 0}
    - target: {fileID: 167112, guid: 94a1f41d699408c4b89c5dd302ad12ea, type: 3}
      propertyPath: m_Layer
      value: 7
      objectReference: {fileID: 0}
    - target: {fileID: 168164, guid: 94a1f41d699408c4b89c5dd302ad12ea, type: 3}
      propertyPath: m_Layer
      value: 7
      objectReference: {fileID: 0}
    - target: {fileID: 171430, guid: 94a1f41d699408c4b89c5dd302ad12ea, type: 3}
      propertyPath: m_Layer
      value: 7
      objectReference: {fileID: 0}
    - target: {fileID: 172758, guid: 94a1f41d699408c4b89c5dd302ad12ea, type: 3}
      propertyPath: m_Layer
      value: 7
      objectReference: {fileID: 0}
    - target: {fileID: 173062, guid: 94a1f41d699408c4b89c5dd302ad12ea, type: 3}
      propertyPath: m_Layer
      value: 7
      objectReference: {fileID: 0}
    - target: {fileID: 175216, guid: 94a1f41d699408c4b89c5dd302ad12ea, type: 3}
      propertyPath: m_Layer
      value: 7
      objectReference: {fileID: 0}
    - target: {fileID: 175594, guid: 94a1f41d699408c4b89c5dd302ad12ea, type: 3}
      propertyPath: m_Layer
      value: 7
      objectReference: {fileID: 0}
    - target: {fileID: 175694, guid: 94a1f41d699408c4b89c5dd302ad12ea, type: 3}
      propertyPath: m_Layer
      value: 7
      objectReference: {fileID: 0}
    - target: {fileID: 176362, guid: 94a1f41d699408c4b89c5dd302ad12ea, type: 3}
      propertyPath: m_Layer
      value: 7
      objectReference: {fileID: 0}
    - target: {fileID: 176912, guid: 94a1f41d699408c4b89c5dd302ad12ea, type: 3}
      propertyPath: m_Layer
      value: 7
      objectReference: {fileID: 0}
    - target: {fileID: 181646, guid: 94a1f41d699408c4b89c5dd302ad12ea, type: 3}
      propertyPath: m_Layer
      value: 7
      objectReference: {fileID: 0}
    - target: {fileID: 185700, guid: 94a1f41d699408c4b89c5dd302ad12ea, type: 3}
      propertyPath: m_Layer
      value: 7
      objectReference: {fileID: 0}
    - target: {fileID: 190610, guid: 94a1f41d699408c4b89c5dd302ad12ea, type: 3}
      propertyPath: m_Layer
      value: 7
      objectReference: {fileID: 0}
    - target: {fileID: 191376, guid: 94a1f41d699408c4b89c5dd302ad12ea, type: 3}
      propertyPath: m_Layer
      value: 7
      objectReference: {fileID: 0}
    - target: {fileID: 191616, guid: 94a1f41d699408c4b89c5dd302ad12ea, type: 3}
      propertyPath: m_Layer
      value: 7
      objectReference: {fileID: 0}
    - target: {fileID: 193868, guid: 94a1f41d699408c4b89c5dd302ad12ea, type: 3}
      propertyPath: m_Layer
      value: 7
      objectReference: {fileID: 0}
    - target: {fileID: 194864, guid: 94a1f41d699408c4b89c5dd302ad12ea, type: 3}
      propertyPath: m_Layer
      value: 7
      objectReference: {fileID: 0}
    - target: {fileID: 196788, guid: 94a1f41d699408c4b89c5dd302ad12ea, type: 3}
      propertyPath: m_Layer
      value: 7
      objectReference: {fileID: 0}
    - target: {fileID: 197576, guid: 94a1f41d699408c4b89c5dd302ad12ea, type: 3}
      propertyPath: m_Layer
      value: 7
      objectReference: {fileID: 0}
    - target: {fileID: 198934, guid: 94a1f41d699408c4b89c5dd302ad12ea, type: 3}
      propertyPath: m_Layer
      value: 7
      objectReference: {fileID: 0}
    - target: {fileID: 199286, guid: 94a1f41d699408c4b89c5dd302ad12ea, type: 3}
      propertyPath: m_Name
      value: SA_Zombie_FarmersDaughter Variant
      objectReference: {fileID: 0}
    - target: {fileID: 199286, guid: 94a1f41d699408c4b89c5dd302ad12ea, type: 3}
      propertyPath: m_Layer
      value: 7
      objectReference: {fileID: 0}
    - target: {fileID: 438546, guid: 94a1f41d699408c4b89c5dd302ad12ea, type: 3}
      propertyPath: m_RootOrder
      value: 0
      objectReference: {fileID: 0}
    - target: {fileID: 438546, guid: 94a1f41d699408c4b89c5dd302ad12ea, type: 3}
      propertyPath: m_LocalPosition.x
      value: -17
      objectReference: {fileID: 0}
    - target: {fileID: 438546, guid: 94a1f41d699408c4b89c5dd302ad12ea, type: 3}
      propertyPath: m_LocalPosition.y
      value: 1
      objectReference: {fileID: 0}
    - target: {fileID: 438546, guid: 94a1f41d699408c4b89c5dd302ad12ea, type: 3}
      propertyPath: m_LocalPosition.z
      value: -8.5
      objectReference: {fileID: 0}
    - target: {fileID: 438546, guid: 94a1f41d699408c4b89c5dd302ad12ea, type: 3}
      propertyPath: m_LocalRotation.w
      value: 1
      objectReference: {fileID: 0}
    - target: {fileID: 438546, guid: 94a1f41d699408c4b89c5dd302ad12ea, type: 3}
      propertyPath: m_LocalRotation.x
      value: -0
      objectReference: {fileID: 0}
    - target: {fileID: 438546, guid: 94a1f41d699408c4b89c5dd302ad12ea, type: 3}
      propertyPath: m_LocalRotation.y
      value: -0
      objectReference: {fileID: 0}
    - target: {fileID: 438546, guid: 94a1f41d699408c4b89c5dd302ad12ea, type: 3}
      propertyPath: m_LocalRotation.z
      value: -0
      objectReference: {fileID: 0}
    - target: {fileID: 438546, guid: 94a1f41d699408c4b89c5dd302ad12ea, type: 3}
      propertyPath: m_LocalEulerAnglesHint.x
      value: 0
      objectReference: {fileID: 0}
    - target: {fileID: 438546, guid: 94a1f41d699408c4b89c5dd302ad12ea, type: 3}
      propertyPath: m_LocalEulerAnglesHint.y
      value: 0
      objectReference: {fileID: 0}
    - target: {fileID: 438546, guid: 94a1f41d699408c4b89c5dd302ad12ea, type: 3}
      propertyPath: m_LocalEulerAnglesHint.z
      value: 0
      objectReference: {fileID: 0}
    m_RemovedComponents: []
  m_SourcePrefab: {fileID: 100100000, guid: 94a1f41d699408c4b89c5dd302ad12ea, type: 3}
--- !u!95 &6564121902437169460 stripped
Animator:
  m_CorrespondingSourceObject: {fileID: 9521898, guid: 94a1f41d699408c4b89c5dd302ad12ea, type: 3}
  m_PrefabInstance: {fileID: 6564121902446654430}
  m_PrefabAsset: {fileID: 0}
--- !u!1 &6564121902446721448 stripped
GameObject:
  m_CorrespondingSourceObject: {fileID: 199286, guid: 94a1f41d699408c4b89c5dd302ad12ea, type: 3}
  m_PrefabInstance: {fileID: 6564121902446654430}
  m_PrefabAsset: {fileID: 0}
--- !u!65 &1832686130941792420
BoxCollider:
  m_ObjectHideFlags: 0
  m_CorrespondingSourceObject: {fileID: 0}
  m_PrefabInstance: {fileID: 0}
  m_PrefabAsset: {fileID: 0}
  m_GameObject: {fileID: 6564121902446721448}
  m_Material: {fileID: 0}
  m_IsTrigger: 0
  m_Enabled: 1
  serializedVersion: 2
  m_Size: {x: 1, y: 3, z: 1}
  m_Center: {x: 0, y: 1.5, z: 0}
--- !u!82 &-3759423666028164241
AudioSource:
  m_ObjectHideFlags: 0
  m_CorrespondingSourceObject: {fileID: 0}
  m_PrefabInstance: {fileID: 0}
  m_PrefabAsset: {fileID: 0}
  m_GameObject: {fileID: 6564121902446721448}
  m_Enabled: 1
  serializedVersion: 4
  OutputAudioMixerGroup: {fileID: 0}
  m_audioClip: {fileID: 8300000, guid: a6aed1644a319684fba38b02825cd6d2, type: 3}
  m_PlayOnAwake: 1
  m_Volume: 0.5
  m_Pitch: 1
  Loop: 1
  Mute: 0
  Spatialize: 0
  SpatializePostEffects: 0
  Priority: 128
  DopplerLevel: 1
  MinDistance: 1
  MaxDistance: 40
  Pan2D: 0
  rolloffMode: 2
  BypassEffects: 0
  BypassListenerEffects: 0
  BypassReverbZones: 0
  rolloffCustomCurve:
    serializedVersion: 2
    m_Curve:
    - serializedVersion: 3
      time: 0
      value: 1.0000114
      inSlope: 0
      outSlope: 0
      tangentMode: 0
      weightedMode: 0
      inWeight: 0
      outWeight: 0
    - serializedVersion: 3
      time: 0.6260834
      value: 0
      inSlope: -0.011490885
      outSlope: -0.011490885
      tangentMode: 0
      weightedMode: 0
      inWeight: 0.36260623
      outWeight: 0
    m_PreInfinity: 2
    m_PostInfinity: 2
    m_RotationOrder: 4
  panLevelCustomCurve:
    serializedVersion: 2
    m_Curve:
    - serializedVersion: 3
      time: 0
      value: 1
      inSlope: 0
      outSlope: 0
      tangentMode: 0
      weightedMode: 0
      inWeight: 0.33333334
      outWeight: 0.33333334
    m_PreInfinity: 2
    m_PostInfinity: 2
    m_RotationOrder: 4
  spreadCustomCurve:
    serializedVersion: 2
    m_Curve:
    - serializedVersion: 3
      time: 0
      value: 0
      inSlope: 0
      outSlope: 0
      tangentMode: 0
      weightedMode: 0
      inWeight: 0.33333334
      outWeight: 0.33333334
    m_PreInfinity: 2
    m_PostInfinity: 2
    m_RotationOrder: 4
  reverbZoneMixCustomCurve:
    serializedVersion: 2
    m_Curve:
    - serializedVersion: 3
      time: 0
      value: 1
      inSlope: 0
      outSlope: 0
      tangentMode: 0
      weightedMode: 0
      inWeight: 0.33333334
      outWeight: 0.33333334
    m_PreInfinity: 2
    m_PostInfinity: 2
    m_RotationOrder: 4
--- !u!114 &685777094
MonoBehaviour:
  m_ObjectHideFlags: 0
  m_CorrespondingSourceObject: {fileID: 0}
  m_PrefabInstance: {fileID: 0}
  m_PrefabAsset: {fileID: 0}
  m_GameObject: {fileID: 6564121902446721448}
  m_Enabled: 1
  m_EditorHideFlags: 0
  m_Script: {fileID: 11500000, guid: bdfb2061d8aa0ad45b15ec84c0fd83ed, type: 3}
  m_Name: 
  m_EditorClassIdentifier: 
  m_ZombieProfile: {fileID: 1598670800641226270}
  m_ZombieNavMesh: {fileID: 117686548838628586}
--- !u!114 &117686548838628586
MonoBehaviour:
  m_ObjectHideFlags: 0
  m_CorrespondingSourceObject: {fileID: 0}
  m_PrefabInstance: {fileID: 0}
  m_PrefabAsset: {fileID: 0}
  m_GameObject: {fileID: 6564121902446721448}
  m_Enabled: 1
  m_EditorHideFlags: 0
  m_Script: {fileID: 11500000, guid: 9da06c301055f1f44bfc4c40c0c4efde, type: 3}
  m_Name: 
  m_EditorClassIdentifier: 
  m_ZombieProfile: {fileID: 1598670800641226270}
  m_Target: {fileID: 0}
  m_MyNashMeshAgent: {fileID: 3646176875832598660}
  m_Speed: 7
--- !u!114 &1598670800641226270
MonoBehaviour:
  m_ObjectHideFlags: 0
  m_CorrespondingSourceObject: {fileID: 0}
  m_PrefabInstance: {fileID: 0}
  m_PrefabAsset: {fileID: 0}
  m_GameObject: {fileID: 6564121902446721448}
  m_Enabled: 1
  m_EditorHideFlags: 0
  m_Script: {fileID: 11500000, guid: afa742adb6dad2f4db54042ded5bd1ff, type: 3}
  m_Name: 
  m_EditorClassIdentifier: 
  m_MyAnimator: {fileID: 6564121902437169460}
  m_MaxHp: 10
  m_AttackRange: 3
  m_Atk: 1
--- !u!195 &3646176875832598660
NavMeshAgent:
  m_ObjectHideFlags: 0
  m_CorrespondingSourceObject: {fileID: 0}
  m_PrefabInstance: {fileID: 0}
  m_PrefabAsset: {fileID: 0}
  m_GameObject: {fileID: 6564121902446721448}
  m_Enabled: 1
  m_AgentTypeID: 0
  m_Radius: 0.5
  m_Speed: 3.5
  m_Acceleration: 8
  avoidancePriority: 50
  m_AngularSpeed: 120
  m_StoppingDistance: 0
  m_AutoTraverseOffMeshLink: 1
  m_AutoBraking: 1
  m_AutoRepath: 1
  m_Height: 3
  m_BaseOffset: 0
  m_WalkableMask: 4294967295
  m_ObstacleAvoidanceType: 4
