%YAML 1.1
%TAG !u! tag:unity3d.com,2011:
--- !u!1001 &3202901318615112704
PrefabInstance:
  m_ObjectHideFlags: 0
  serializedVersion: 2
  m_Modification:
    m_TransformParent: {fileID: 0}
    m_Modifications:
    - target: {fileID: 100730, guid: 6b616d5eee8e5bf4abc92b3d1fff00bf, type: 3}
      propertyPath: m_Layer
      value: 7
      objectReference: {fileID: 0}
    - target: {fileID: 102210, guid: 6b616d5eee8e5bf4abc92b3d1fff00bf, type: 3}
      propertyPath: m_Layer
      value: 7
      objectReference: {fileID: 0}
    - target: {fileID: 102586, guid: 6b616d5eee8e5bf4abc92b3d1fff00bf, type: 3}
      propertyPath: m_Layer
      value: 7
      objectReference: {fileID: 0}
    - target: {fileID: 104686, guid: 6b616d5eee8e5bf4abc92b3d1fff00bf, type: 3}
      propertyPath: m_Layer
      value: 7
      objectReference: {fileID: 0}
    - target: {fileID: 105776, guid: 6b616d5eee8e5bf4abc92b3d1fff00bf, type: 3}
      propertyPath: m_Layer
      value: 7
      objectReference: {fileID: 0}
    - target: {fileID: 106334, guid: 6b616d5eee8e5bf4abc92b3d1fff00bf, type: 3}
      propertyPath: m_Layer
      value: 7
      objectReference: {fileID: 0}
    - target: {fileID: 107654, guid: 6b616d5eee8e5bf4abc92b3d1fff00bf, type: 3}
      propertyPath: m_Layer
      value: 7
      objectReference: {fileID: 0}
    - target: {fileID: 109266, guid: 6b616d5eee8e5bf4abc92b3d1fff00bf, type: 3}
      propertyPath: m_Layer
      value: 7
      objectReference: {fileID: 0}
    - target: {fileID: 112032, guid: 6b616d5eee8e5bf4abc92b3d1fff00bf, type: 3}
      propertyPath: m_Layer
      value: 7
      objectReference: {fileID: 0}
    - target: {fileID: 112594, guid: 6b616d5eee8e5bf4abc92b3d1fff00bf, type: 3}
      propertyPath: m_Layer
      value: 7
      objectReference: {fileID: 0}
    - target: {fileID: 114108, guid: 6b616d5eee8e5bf4abc92b3d1fff00bf, type: 3}
      propertyPath: m_Layer
      value: 7
      objectReference: {fileID: 0}
    - target: {fileID: 114314, guid: 6b616d5eee8e5bf4abc92b3d1fff00bf, type: 3}
      propertyPath: m_Layer
      value: 7
      objectReference: {fileID: 0}
    - target: {fileID: 114466, guid: 6b616d5eee8e5bf4abc92b3d1fff00bf, type: 3}
      propertyPath: m_Layer
      value: 7
      objectReference: {fileID: 0}
    - target: {fileID: 115224, guid: 6b616d5eee8e5bf4abc92b3d1fff00bf, type: 3}
      propertyPath: m_Layer
      value: 7
      objectReference: {fileID: 0}
    - target: {fileID: 115448, guid: 6b616d5eee8e5bf4abc92b3d1fff00bf, type: 3}
      propertyPath: m_Layer
      value: 7
      objectReference: {fileID: 0}
    - target: {fileID: 117108, guid: 6b616d5eee8e5bf4abc92b3d1fff00bf, type: 3}
      propertyPath: m_Layer
      value: 7
      objectReference: {fileID: 0}
    - target: {fileID: 118950, guid: 6b616d5eee8e5bf4abc92b3d1fff00bf, type: 3}
      propertyPath: m_Layer
      value: 7
      objectReference: {fileID: 0}
    - target: {fileID: 121316, guid: 6b616d5eee8e5bf4abc92b3d1fff00bf, type: 3}
      propertyPath: m_Layer
      value: 7
      objectReference: {fileID: 0}
    - target: {fileID: 122018, guid: 6b616d5eee8e5bf4abc92b3d1fff00bf, type: 3}
      propertyPath: m_Layer
      value: 7
      objectReference: {fileID: 0}
    - target: {fileID: 122842, guid: 6b616d5eee8e5bf4abc92b3d1fff00bf, type: 3}
      propertyPath: m_Layer
      value: 7
      objectReference: {fileID: 0}
    - target: {fileID: 125120, guid: 6b616d5eee8e5bf4abc92b3d1fff00bf, type: 3}
      propertyPath: m_Layer
      value: 7
      objectReference: {fileID: 0}
    - target: {fileID: 125576, guid: 6b616d5eee8e5bf4abc92b3d1fff00bf, type: 3}
      propertyPath: m_Layer
      value: 7
      objectReference: {fileID: 0}
    - target: {fileID: 126408, guid: 6b616d5eee8e5bf4abc92b3d1fff00bf, type: 3}
      propertyPath: m_Layer
      value: 7
      objectReference: {fileID: 0}
    - target: {fileID: 127552, guid: 6b616d5eee8e5bf4abc92b3d1fff00bf, type: 3}
      propertyPath: m_Layer
      value: 7
      objectReference: {fileID: 0}
    - target: {fileID: 130332, guid: 6b616d5eee8e5bf4abc92b3d1fff00bf, type: 3}
      propertyPath: m_Layer
      value: 7
      objectReference: {fileID: 0}
    - target: {fileID: 132424, guid: 6b616d5eee8e5bf4abc92b3d1fff00bf, type: 3}
      propertyPath: m_Layer
      value: 7
      objectReference: {fileID: 0}
    - target: {fileID: 133530, guid: 6b616d5eee8e5bf4abc92b3d1fff00bf, type: 3}
      propertyPath: m_Layer
      value: 7
      objectReference: {fileID: 0}
    - target: {fileID: 134040, guid: 6b616d5eee8e5bf4abc92b3d1fff00bf, type: 3}
      propertyPath: m_Layer
      value: 7
      objectReference: {fileID: 0}
    - target: {fileID: 135048, guid: 6b616d5eee8e5bf4abc92b3d1fff00bf, type: 3}
      propertyPath: m_Layer
      value: 7
      objectReference: {fileID: 0}
    - target: {fileID: 137010, guid: 6b616d5eee8e5bf4abc92b3d1fff00bf, type: 3}
      propertyPath: m_Layer
      value: 7
      objectReference: {fileID: 0}
    - target: {fileID: 138504, guid: 6b616d5eee8e5bf4abc92b3d1fff00bf, type: 3}
      propertyPath: m_Layer
      value: 7
      objectReference: {fileID: 0}
    - target: {fileID: 138636, guid: 6b616d5eee8e5bf4abc92b3d1fff00bf, type: 3}
      propertyPath: m_Layer
      value: 7
      objectReference: {fileID: 0}
    - target: {fileID: 138726, guid: 6b616d5eee8e5bf4abc92b3d1fff00bf, type: 3}
      propertyPath: m_Layer
      value: 7
      objectReference: {fileID: 0}
    - target: {fileID: 142132, guid: 6b616d5eee8e5bf4abc92b3d1fff00bf, type: 3}
      propertyPath: m_Layer
      value: 7
      objectReference: {fileID: 0}
    - target: {fileID: 144214, guid: 6b616d5eee8e5bf4abc92b3d1fff00bf, type: 3}
      propertyPath: m_Layer
      value: 7
      objectReference: {fileID: 0}
    - target: {fileID: 144776, guid: 6b616d5eee8e5bf4abc92b3d1fff00bf, type: 3}
      propertyPath: m_Layer
      value: 7
      objectReference: {fileID: 0}
    - target: {fileID: 145458, guid: 6b616d5eee8e5bf4abc92b3d1fff00bf, type: 3}
      propertyPath: m_Layer
      value: 7
      objectReference: {fileID: 0}
    - target: {fileID: 146076, guid: 6b616d5eee8e5bf4abc92b3d1fff00bf, type: 3}
      propertyPath: m_Layer
      value: 7
      objectReference: {fileID: 0}
    - target: {fileID: 146404, guid: 6b616d5eee8e5bf4abc92b3d1fff00bf, type: 3}
      propertyPath: m_Layer
      value: 7
      objectReference: {fileID: 0}
    - target: {fileID: 147162, guid: 6b616d5eee8e5bf4abc92b3d1fff00bf, type: 3}
      propertyPath: m_Layer
      value: 7
      objectReference: {fileID: 0}
    - target: {fileID: 148960, guid: 6b616d5eee8e5bf4abc92b3d1fff00bf, type: 3}
      propertyPath: m_Layer
      value: 7
      objectReference: {fileID: 0}
    - target: {fileID: 149746, guid: 6b616d5eee8e5bf4abc92b3d1fff00bf, type: 3}
      propertyPath: m_Layer
      value: 7
      objectReference: {fileID: 0}
    - target: {fileID: 149872, guid: 6b616d5eee8e5bf4abc92b3d1fff00bf, type: 3}
      propertyPath: m_Layer
      value: 7
      objectReference: {fileID: 0}
    - target: {fileID: 155090, guid: 6b616d5eee8e5bf4abc92b3d1fff00bf, type: 3}
      propertyPath: m_Name
      value: SA_Zombie_Grandma Variant
      objectReference: {fileID: 0}
    - target: {fileID: 155090, guid: 6b616d5eee8e5bf4abc92b3d1fff00bf, type: 3}
      propertyPath: m_Layer
      value: 7
      objectReference: {fileID: 0}
    - target: {fileID: 155348, guid: 6b616d5eee8e5bf4abc92b3d1fff00bf, type: 3}
      propertyPath: m_Layer
      value: 7
      objectReference: {fileID: 0}
    - target: {fileID: 155402, guid: 6b616d5eee8e5bf4abc92b3d1fff00bf, type: 3}
      propertyPath: m_Layer
      value: 7
      objectReference: {fileID: 0}
    - target: {fileID: 157118, guid: 6b616d5eee8e5bf4abc92b3d1fff00bf, type: 3}
      propertyPath: m_Layer
      value: 7
      objectReference: {fileID: 0}
    - target: {fileID: 158108, guid: 6b616d5eee8e5bf4abc92b3d1fff00bf, type: 3}
      propertyPath: m_Layer
      value: 7
      objectReference: {fileID: 0}
    - target: {fileID: 160200, guid: 6b616d5eee8e5bf4abc92b3d1fff00bf, type: 3}
      propertyPath: m_Layer
      value: 7
      objectReference: {fileID: 0}
    - target: {fileID: 160572, guid: 6b616d5eee8e5bf4abc92b3d1fff00bf, type: 3}
      propertyPath: m_Layer
      value: 7
      objectReference: {fileID: 0}
    - target: {fileID: 161522, guid: 6b616d5eee8e5bf4abc92b3d1fff00bf, type: 3}
      propertyPath: m_Layer
      value: 7
      objectReference: {fileID: 0}
    - target: {fileID: 163112, guid: 6b616d5eee8e5bf4abc92b3d1fff00bf, type: 3}
      propertyPath: m_Layer
      value: 7
      objectReference: {fileID: 0}
    - target: {fileID: 165384, guid: 6b616d5eee8e5bf4abc92b3d1fff00bf, type: 3}
      propertyPath: m_Layer
      value: 7
      objectReference: {fileID: 0}
    - target: {fileID: 168320, guid: 6b616d5eee8e5bf4abc92b3d1fff00bf, type: 3}
      propertyPath: m_Layer
      value: 7
      objectReference: {fileID: 0}
    - target: {fileID: 171204, guid: 6b616d5eee8e5bf4abc92b3d1fff00bf, type: 3}
      propertyPath: m_Layer
      value: 7
      objectReference: {fileID: 0}
    - target: {fileID: 171678, guid: 6b616d5eee8e5bf4abc92b3d1fff00bf, type: 3}
      propertyPath: m_Layer
      value: 7
      objectReference: {fileID: 0}
    - target: {fileID: 172162, guid: 6b616d5eee8e5bf4abc92b3d1fff00bf, type: 3}
      propertyPath: m_Layer
      value: 7
      objectReference: {fileID: 0}
    - target: {fileID: 174742, guid: 6b616d5eee8e5bf4abc92b3d1fff00bf, type: 3}
      propertyPath: m_Layer
      value: 7
      objectReference: {fileID: 0}
    - target: {fileID: 174768, guid: 6b616d5eee8e5bf4abc92b3d1fff00bf, type: 3}
      propertyPath: m_Layer
      value: 7
      objectReference: {fileID: 0}
    - target: {fileID: 177354, guid: 6b616d5eee8e5bf4abc92b3d1fff00bf, type: 3}
      propertyPath: m_Layer
      value: 7
      objectReference: {fileID: 0}
    - target: {fileID: 178746, guid: 6b616d5eee8e5bf4abc92b3d1fff00bf, type: 3}
      propertyPath: m_Layer
      value: 7
      objectReference: {fileID: 0}
    - target: {fileID: 179388, guid: 6b616d5eee8e5bf4abc92b3d1fff00bf, type: 3}
      propertyPath: m_Layer
      value: 7
      objectReference: {fileID: 0}
    - target: {fileID: 181586, guid: 6b616d5eee8e5bf4abc92b3d1fff00bf, type: 3}
      propertyPath: m_Layer
      value: 7
      objectReference: {fileID: 0}
    - target: {fileID: 182580, guid: 6b616d5eee8e5bf4abc92b3d1fff00bf, type: 3}
      propertyPath: m_Layer
      value: 7
      objectReference: {fileID: 0}
    - target: {fileID: 182594, guid: 6b616d5eee8e5bf4abc92b3d1fff00bf, type: 3}
      propertyPath: m_Layer
      value: 7
      objectReference: {fileID: 0}
    - target: {fileID: 184788, guid: 6b616d5eee8e5bf4abc92b3d1fff00bf, type: 3}
      propertyPath: m_Layer
      value: 7
      objectReference: {fileID: 0}
    - target: {fileID: 184950, guid: 6b616d5eee8e5bf4abc92b3d1fff00bf, type: 3}
      propertyPath: m_Layer
      value: 7
      objectReference: {fileID: 0}
    - target: {fileID: 188100, guid: 6b616d5eee8e5bf4abc92b3d1fff00bf, type: 3}
      propertyPath: m_Layer
      value: 7
      objectReference: {fileID: 0}
    - target: {fileID: 188656, guid: 6b616d5eee8e5bf4abc92b3d1fff00bf, type: 3}
      propertyPath: m_Layer
      value: 7
      objectReference: {fileID: 0}
    - target: {fileID: 191524, guid: 6b616d5eee8e5bf4abc92b3d1fff00bf, type: 3}
      propertyPath: m_Layer
      value: 7
      objectReference: {fileID: 0}
    - target: {fileID: 196362, guid: 6b616d5eee8e5bf4abc92b3d1fff00bf, type: 3}
      propertyPath: m_Layer
      value: 7
      objectReference: {fileID: 0}
    - target: {fileID: 197440, guid: 6b616d5eee8e5bf4abc92b3d1fff00bf, type: 3}
      propertyPath: m_Layer
      value: 7
      objectReference: {fileID: 0}
    - target: {fileID: 198234, guid: 6b616d5eee8e5bf4abc92b3d1fff00bf, type: 3}
      propertyPath: m_Layer
      value: 7
      objectReference: {fileID: 0}
    - target: {fileID: 458868, guid: 6b616d5eee8e5bf4abc92b3d1fff00bf, type: 3}
      propertyPath: m_RootOrder
      value: 0
      objectReference: {fileID: 0}
    - target: {fileID: 458868, guid: 6b616d5eee8e5bf4abc92b3d1fff00bf, type: 3}
      propertyPath: m_LocalPosition.x
      value: -17
      objectReference: {fileID: 0}
    - target: {fileID: 458868, guid: 6b616d5eee8e5bf4abc92b3d1fff00bf, type: 3}
      propertyPath: m_LocalPosition.y
      value: 1
      objectReference: {fileID: 0}
    - target: {fileID: 458868, guid: 6b616d5eee8e5bf4abc92b3d1fff00bf, type: 3}
      propertyPath: m_LocalPosition.z
      value: -8.5
      objectReference: {fileID: 0}
    - target: {fileID: 458868, guid: 6b616d5eee8e5bf4abc92b3d1fff00bf, type: 3}
      propertyPath: m_LocalRotation.w
      value: 1
      objectReference: {fileID: 0}
    - target: {fileID: 458868, guid: 6b616d5eee8e5bf4abc92b3d1fff00bf, type: 3}
      propertyPath: m_LocalRotation.x
      value: -0
      objectReference: {fileID: 0}
    - target: {fileID: 458868, guid: 6b616d5eee8e5bf4abc92b3d1fff00bf, type: 3}
      propertyPath: m_LocalRotation.y
      value: -0
      objectReference: {fileID: 0}
    - target: {fileID: 458868, guid: 6b616d5eee8e5bf4abc92b3d1fff00bf, type: 3}
      propertyPath: m_LocalRotation.z
      value: -0
      objectReference: {fileID: 0}
    - target: {fileID: 458868, guid: 6b616d5eee8e5bf4abc92b3d1fff00bf, type: 3}
      propertyPath: m_LocalEulerAnglesHint.x
      value: 0
      objectReference: {fileID: 0}
    - target: {fileID: 458868, guid: 6b616d5eee8e5bf4abc92b3d1fff00bf, type: 3}
      propertyPath: m_LocalEulerAnglesHint.y
      value: 0
      objectReference: {fileID: 0}
    - target: {fileID: 458868, guid: 6b616d5eee8e5bf4abc92b3d1fff00bf, type: 3}
      propertyPath: m_LocalEulerAnglesHint.z
      value: 0
      objectReference: {fileID: 0}
    m_RemovedComponents: []
  m_SourcePrefab: {fileID: 100100000, guid: 6b616d5eee8e5bf4abc92b3d1fff00bf, type: 3}
--- !u!95 &3202901318607757636 stripped
Animator:
  m_CorrespondingSourceObject: {fileID: 9567556, guid: 6b616d5eee8e5bf4abc92b3d1fff00bf, type: 3}
  m_PrefabInstance: {fileID: 3202901318615112704}
  m_PrefabAsset: {fileID: 0}
--- !u!1 &3202901318614991314 stripped
GameObject:
  m_CorrespondingSourceObject: {fileID: 155090, guid: 6b616d5eee8e5bf4abc92b3d1fff00bf, type: 3}
  m_PrefabInstance: {fileID: 3202901318615112704}
  m_PrefabAsset: {fileID: 0}
--- !u!65 &4231156695395019939
BoxCollider:
  m_ObjectHideFlags: 0
  m_CorrespondingSourceObject: {fileID: 0}
  m_PrefabInstance: {fileID: 0}
  m_PrefabAsset: {fileID: 0}
  m_GameObject: {fileID: 3202901318614991314}
  m_Material: {fileID: 0}
  m_IsTrigger: 0
  m_Enabled: 1
  serializedVersion: 2
  m_Size: {x: 1, y: 3, z: 1}
  m_Center: {x: 0, y: 1.5, z: 0}
--- !u!82 &-4243345933265819759
AudioSource:
  m_ObjectHideFlags: 0
  m_CorrespondingSourceObject: {fileID: 0}
  m_PrefabInstance: {fileID: 0}
  m_PrefabAsset: {fileID: 0}
  m_GameObject: {fileID: 3202901318614991314}
  m_Enabled: 1
  serializedVersion: 4
  OutputAudioMixerGroup: {fileID: 0}
  m_audioClip: {fileID: 8300000, guid: a6aed1644a319684fba38b02825cd6d2, type: 3}
  m_PlayOnAwake: 1
  m_Volume: 0.5
  m_Pitch: 1
  Loop: 1
  Mute: 0
  Spatialize: 0
  SpatializePostEffects: 0
  Priority: 128
  DopplerLevel: 1
  MinDistance: 1
  MaxDistance: 40
  Pan2D: 0
  rolloffMode: 2
  BypassEffects: 0
  BypassListenerEffects: 0
  BypassReverbZones: 0
  rolloffCustomCurve:
    serializedVersion: 2
    m_Curve:
    - serializedVersion: 3
      time: 0
      value: 1.0000114
      inSlope: 0
      outSlope: 0
      tangentMode: 0
      weightedMode: 0
      inWeight: 0
      outWeight: 0
    - serializedVersion: 3
      time: 0.6260834
      value: 0
      inSlope: -0.011490885
      outSlope: -0.011490885
      tangentMode: 0
      weightedMode: 0
      inWeight: 0.36260623
      outWeight: 0
    m_PreInfinity: 2
    m_PostInfinity: 2
    m_RotationOrder: 4
  panLevelCustomCurve:
    serializedVersion: 2
    m_Curve:
    - serializedVersion: 3
      time: 0
      value: 1
      inSlope: 0
      outSlope: 0
      tangentMode: 0
      weightedMode: 0
      inWeight: 0.33333334
      outWeight: 0.33333334
    m_PreInfinity: 2
    m_PostInfinity: 2
    m_RotationOrder: 4
  spreadCustomCurve:
    serializedVersion: 2
    m_Curve:
    - serializedVersion: 3
      time: 0
      value: 0
      inSlope: 0
      outSlope: 0
      tangentMode: 0
      weightedMode: 0
      inWeight: 0.33333334
      outWeight: 0.33333334
    m_PreInfinity: 2
    m_PostInfinity: 2
    m_RotationOrder: 4
  reverbZoneMixCustomCurve:
    serializedVersion: 2
    m_Curve:
    - serializedVersion: 3
      time: 0
      value: 1
      inSlope: 0
      outSlope: 0
      tangentMode: 0
      weightedMode: 0
      inWeight: 0.33333334
      outWeight: 0.33333334
    m_PreInfinity: 2
    m_PostInfinity: 2
    m_RotationOrder: 4
--- !u!114 &1710959939
MonoBehaviour:
  m_ObjectHideFlags: 0
  m_CorrespondingSourceObject: {fileID: 0}
  m_PrefabInstance: {fileID: 0}
  m_PrefabAsset: {fileID: 0}
  m_GameObject: {fileID: 3202901318614991314}
  m_Enabled: 1
  m_EditorHideFlags: 0
  m_Script: {fileID: 11500000, guid: bdfb2061d8aa0ad45b15ec84c0fd83ed, type: 3}
  m_Name: 
  m_EditorClassIdentifier: 
  m_ZombieProfile: {fileID: 2592696269042144072}
  m_ZombieNavMesh: {fileID: 3726805533719988995}
--- !u!195 &230248342516303508
NavMeshAgent:
  m_ObjectHideFlags: 0
  m_CorrespondingSourceObject: {fileID: 0}
  m_PrefabInstance: {fileID: 0}
  m_PrefabAsset: {fileID: 0}
  m_GameObject: {fileID: 3202901318614991314}
  m_Enabled: 1
  m_AgentTypeID: 0
  m_Radius: 0.5
  m_Speed: 3.5
  m_Acceleration: 8
  avoidancePriority: 50
  m_AngularSpeed: 120
  m_StoppingDistance: 0
  m_AutoTraverseOffMeshLink: 1
  m_AutoBraking: 1
  m_AutoRepath: 1
  m_Height: 3
  m_BaseOffset: 0
  m_WalkableMask: 4294967295
  m_ObstacleAvoidanceType: 4
--- !u!114 &2592696269042144072
MonoBehaviour:
  m_ObjectHideFlags: 0
  m_CorrespondingSourceObject: {fileID: 0}
  m_PrefabInstance: {fileID: 0}
  m_PrefabAsset: {fileID: 0}
  m_GameObject: {fileID: 3202901318614991314}
  m_Enabled: 1
  m_EditorHideFlags: 0
  m_Script: {fileID: 11500000, guid: afa742adb6dad2f4db54042ded5bd1ff, type: 3}
  m_Name: 
  m_EditorClassIdentifier: 
  m_MyAnimator: {fileID: 3202901318607757636}
  m_MaxHp: 10
  m_AttackRange: 3
  m_Atk: 1
--- !u!114 &3726805533719988995
MonoBehaviour:
  m_ObjectHideFlags: 0
  m_CorrespondingSourceObject: {fileID: 0}
  m_PrefabInstance: {fileID: 0}
  m_PrefabAsset: {fileID: 0}
  m_GameObject: {fileID: 3202901318614991314}
  m_Enabled: 1
  m_EditorHideFlags: 0
  m_Script: {fileID: 11500000, guid: 9da06c301055f1f44bfc4c40c0c4efde, type: 3}
  m_Name: 
  m_EditorClassIdentifier: 
  m_ZombieProfile: {fileID: 2592696269042144072}
  m_Target: {fileID: 0}
  m_MyNashMeshAgent: {fileID: 230248342516303508}
  m_Speed: 4
