%YAML 1.1
%TAG !u! tag:unity3d.com,2011:
--- !u!1001 &3455455692761598093
PrefabInstance:
  m_ObjectHideFlags: 0
  serializedVersion: 2
  m_Modification:
    m_TransformParent: {fileID: 0}
    m_Modifications:
    - target: {fileID: 101920, guid: 86fad03278650744eaecbe900ae34d6d, type: 3}
      propertyPath: m_Layer
      value: 7
      objectReference: {fileID: 0}
    - target: {fileID: 102806, guid: 86fad03278650744eaecbe900ae34d6d, type: 3}
      propertyPath: m_Layer
      value: 7
      objectReference: {fileID: 0}
    - target: {fileID: 104554, guid: 86fad03278650744eaecbe900ae34d6d, type: 3}
      propertyPath: m_Layer
      value: 7
      objectReference: {fileID: 0}
    - target: {fileID: 105482, guid: 86fad03278650744eaecbe900ae34d6d, type: 3}
      propertyPath: m_Layer
      value: 7
      objectReference: {fileID: 0}
    - target: {fileID: 106218, guid: 86fad03278650744eaecbe900ae34d6d, type: 3}
      propertyPath: m_Layer
      value: 7
      objectReference: {fileID: 0}
    - target: {fileID: 106956, guid: 86fad03278650744eaecbe900ae34d6d, type: 3}
      propertyPath: m_Layer
      value: 7
      objectReference: {fileID: 0}
    - target: {fileID: 109114, guid: 86fad03278650744eaecbe900ae34d6d, type: 3}
      propertyPath: m_Layer
      value: 7
      objectReference: {fileID: 0}
    - target: {fileID: 109254, guid: 86fad03278650744eaecbe900ae34d6d, type: 3}
      propertyPath: m_Layer
      value: 7
      objectReference: {fileID: 0}
    - target: {fileID: 110140, guid: 86fad03278650744eaecbe900ae34d6d, type: 3}
      propertyPath: m_Layer
      value: 7
      objectReference: {fileID: 0}
    - target: {fileID: 110200, guid: 86fad03278650744eaecbe900ae34d6d, type: 3}
      propertyPath: m_Layer
      value: 7
      objectReference: {fileID: 0}
    - target: {fileID: 111248, guid: 86fad03278650744eaecbe900ae34d6d, type: 3}
      propertyPath: m_Layer
      value: 7
      objectReference: {fileID: 0}
    - target: {fileID: 111280, guid: 86fad03278650744eaecbe900ae34d6d, type: 3}
      propertyPath: m_Layer
      value: 7
      objectReference: {fileID: 0}
    - target: {fileID: 111360, guid: 86fad03278650744eaecbe900ae34d6d, type: 3}
      propertyPath: m_Layer
      value: 7
      objectReference: {fileID: 0}
    - target: {fileID: 117110, guid: 86fad03278650744eaecbe900ae34d6d, type: 3}
      propertyPath: m_Layer
      value: 7
      objectReference: {fileID: 0}
    - target: {fileID: 117832, guid: 86fad03278650744eaecbe900ae34d6d, type: 3}
      propertyPath: m_Layer
      value: 7
      objectReference: {fileID: 0}
    - target: {fileID: 119472, guid: 86fad03278650744eaecbe900ae34d6d, type: 3}
      propertyPath: m_Layer
      value: 7
      objectReference: {fileID: 0}
    - target: {fileID: 122386, guid: 86fad03278650744eaecbe900ae34d6d, type: 3}
      propertyPath: m_Layer
      value: 7
      objectReference: {fileID: 0}
    - target: {fileID: 123782, guid: 86fad03278650744eaecbe900ae34d6d, type: 3}
      propertyPath: m_Layer
      value: 7
      objectReference: {fileID: 0}
    - target: {fileID: 125016, guid: 86fad03278650744eaecbe900ae34d6d, type: 3}
      propertyPath: m_Layer
      value: 7
      objectReference: {fileID: 0}
    - target: {fileID: 125268, guid: 86fad03278650744eaecbe900ae34d6d, type: 3}
      propertyPath: m_Layer
      value: 7
      objectReference: {fileID: 0}
    - target: {fileID: 126296, guid: 86fad03278650744eaecbe900ae34d6d, type: 3}
      propertyPath: m_Layer
      value: 7
      objectReference: {fileID: 0}
    - target: {fileID: 127770, guid: 86fad03278650744eaecbe900ae34d6d, type: 3}
      propertyPath: m_Layer
      value: 7
      objectReference: {fileID: 0}
    - target: {fileID: 130996, guid: 86fad03278650744eaecbe900ae34d6d, type: 3}
      propertyPath: m_Layer
      value: 7
      objectReference: {fileID: 0}
    - target: {fileID: 133990, guid: 86fad03278650744eaecbe900ae34d6d, type: 3}
      propertyPath: m_Layer
      value: 7
      objectReference: {fileID: 0}
    - target: {fileID: 134844, guid: 86fad03278650744eaecbe900ae34d6d, type: 3}
      propertyPath: m_Layer
      value: 7
      objectReference: {fileID: 0}
    - target: {fileID: 134858, guid: 86fad03278650744eaecbe900ae34d6d, type: 3}
      propertyPath: m_Layer
      value: 7
      objectReference: {fileID: 0}
    - target: {fileID: 136282, guid: 86fad03278650744eaecbe900ae34d6d, type: 3}
      propertyPath: m_Layer
      value: 7
      objectReference: {fileID: 0}
    - target: {fileID: 137646, guid: 86fad03278650744eaecbe900ae34d6d, type: 3}
      propertyPath: m_Layer
      value: 7
      objectReference: {fileID: 0}
    - target: {fileID: 140440, guid: 86fad03278650744eaecbe900ae34d6d, type: 3}
      propertyPath: m_Layer
      value: 7
      objectReference: {fileID: 0}
    - target: {fileID: 140594, guid: 86fad03278650744eaecbe900ae34d6d, type: 3}
      propertyPath: m_Layer
      value: 7
      objectReference: {fileID: 0}
    - target: {fileID: 141340, guid: 86fad03278650744eaecbe900ae34d6d, type: 3}
      propertyPath: m_Layer
      value: 7
      objectReference: {fileID: 0}
    - target: {fileID: 143688, guid: 86fad03278650744eaecbe900ae34d6d, type: 3}
      propertyPath: m_Layer
      value: 7
      objectReference: {fileID: 0}
    - target: {fileID: 144548, guid: 86fad03278650744eaecbe900ae34d6d, type: 3}
      propertyPath: m_Layer
      value: 7
      objectReference: {fileID: 0}
    - target: {fileID: 145842, guid: 86fad03278650744eaecbe900ae34d6d, type: 3}
      propertyPath: m_Layer
      value: 7
      objectReference: {fileID: 0}
    - target: {fileID: 147886, guid: 86fad03278650744eaecbe900ae34d6d, type: 3}
      propertyPath: m_Layer
      value: 7
      objectReference: {fileID: 0}
    - target: {fileID: 148606, guid: 86fad03278650744eaecbe900ae34d6d, type: 3}
      propertyPath: m_Layer
      value: 7
      objectReference: {fileID: 0}
    - target: {fileID: 148948, guid: 86fad03278650744eaecbe900ae34d6d, type: 3}
      propertyPath: m_Layer
      value: 7
      objectReference: {fileID: 0}
    - target: {fileID: 150136, guid: 86fad03278650744eaecbe900ae34d6d, type: 3}
      propertyPath: m_Layer
      value: 7
      objectReference: {fileID: 0}
    - target: {fileID: 150472, guid: 86fad03278650744eaecbe900ae34d6d, type: 3}
      propertyPath: m_Layer
      value: 7
      objectReference: {fileID: 0}
    - target: {fileID: 150934, guid: 86fad03278650744eaecbe900ae34d6d, type: 3}
      propertyPath: m_Layer
      value: 7
      objectReference: {fileID: 0}
    - target: {fileID: 151420, guid: 86fad03278650744eaecbe900ae34d6d, type: 3}
      propertyPath: m_Layer
      value: 7
      objectReference: {fileID: 0}
    - target: {fileID: 152788, guid: 86fad03278650744eaecbe900ae34d6d, type: 3}
      propertyPath: m_Layer
      value: 7
      objectReference: {fileID: 0}
    - target: {fileID: 152974, guid: 86fad03278650744eaecbe900ae34d6d, type: 3}
      propertyPath: m_Layer
      value: 7
      objectReference: {fileID: 0}
    - target: {fileID: 154982, guid: 86fad03278650744eaecbe900ae34d6d, type: 3}
      propertyPath: m_Layer
      value: 7
      objectReference: {fileID: 0}
    - target: {fileID: 155422, guid: 86fad03278650744eaecbe900ae34d6d, type: 3}
      propertyPath: m_Layer
      value: 7
      objectReference: {fileID: 0}
    - target: {fileID: 158106, guid: 86fad03278650744eaecbe900ae34d6d, type: 3}
      propertyPath: m_Layer
      value: 7
      objectReference: {fileID: 0}
    - target: {fileID: 158202, guid: 86fad03278650744eaecbe900ae34d6d, type: 3}
      propertyPath: m_Layer
      value: 7
      objectReference: {fileID: 0}
    - target: {fileID: 158254, guid: 86fad03278650744eaecbe900ae34d6d, type: 3}
      propertyPath: m_Layer
      value: 7
      objectReference: {fileID: 0}
    - target: {fileID: 158318, guid: 86fad03278650744eaecbe900ae34d6d, type: 3}
      propertyPath: m_Layer
      value: 7
      objectReference: {fileID: 0}
    - target: {fileID: 159310, guid: 86fad03278650744eaecbe900ae34d6d, type: 3}
      propertyPath: m_Layer
      value: 7
      objectReference: {fileID: 0}
    - target: {fileID: 159588, guid: 86fad03278650744eaecbe900ae34d6d, type: 3}
      propertyPath: m_Layer
      value: 7
      objectReference: {fileID: 0}
    - target: {fileID: 160372, guid: 86fad03278650744eaecbe900ae34d6d, type: 3}
      propertyPath: m_Layer
      value: 7
      objectReference: {fileID: 0}
    - target: {fileID: 160706, guid: 86fad03278650744eaecbe900ae34d6d, type: 3}
      propertyPath: m_Layer
      value: 7
      objectReference: {fileID: 0}
    - target: {fileID: 161382, guid: 86fad03278650744eaecbe900ae34d6d, type: 3}
      propertyPath: m_Layer
      value: 7
      objectReference: {fileID: 0}
    - target: {fileID: 162716, guid: 86fad03278650744eaecbe900ae34d6d, type: 3}
      propertyPath: m_Layer
      value: 7
      objectReference: {fileID: 0}
    - target: {fileID: 164006, guid: 86fad03278650744eaecbe900ae34d6d, type: 3}
      propertyPath: m_Layer
      value: 7
      objectReference: {fileID: 0}
    - target: {fileID: 165846, guid: 86fad03278650744eaecbe900ae34d6d, type: 3}
      propertyPath: m_Layer
      value: 7
      objectReference: {fileID: 0}
    - target: {fileID: 166142, guid: 86fad03278650744eaecbe900ae34d6d, type: 3}
      propertyPath: m_Layer
      value: 7
      objectReference: {fileID: 0}
    - target: {fileID: 167418, guid: 86fad03278650744eaecbe900ae34d6d, type: 3}
      propertyPath: m_Name
      value: SA_Zombie_Santa Variant
      objectReference: {fileID: 0}
    - target: {fileID: 167418, guid: 86fad03278650744eaecbe900ae34d6d, type: 3}
      propertyPath: m_Layer
      value: 7
      objectReference: {fileID: 0}
    - target: {fileID: 170932, guid: 86fad03278650744eaecbe900ae34d6d, type: 3}
      propertyPath: m_Layer
      value: 7
      objectReference: {fileID: 0}
    - target: {fileID: 173420, guid: 86fad03278650744eaecbe900ae34d6d, type: 3}
      propertyPath: m_Layer
      value: 7
      objectReference: {fileID: 0}
    - target: {fileID: 176328, guid: 86fad03278650744eaecbe900ae34d6d, type: 3}
      propertyPath: m_Layer
      value: 7
      objectReference: {fileID: 0}
    - target: {fileID: 176486, guid: 86fad03278650744eaecbe900ae34d6d, type: 3}
      propertyPath: m_Layer
      value: 7
      objectReference: {fileID: 0}
    - target: {fileID: 178494, guid: 86fad03278650744eaecbe900ae34d6d, type: 3}
      propertyPath: m_Layer
      value: 7
      objectReference: {fileID: 0}
    - target: {fileID: 184672, guid: 86fad03278650744eaecbe900ae34d6d, type: 3}
      propertyPath: m_Layer
      value: 7
      objectReference: {fileID: 0}
    - target: {fileID: 185200, guid: 86fad03278650744eaecbe900ae34d6d, type: 3}
      propertyPath: m_Layer
      value: 7
      objectReference: {fileID: 0}
    - target: {fileID: 185478, guid: 86fad03278650744eaecbe900ae34d6d, type: 3}
      propertyPath: m_Layer
      value: 7
      objectReference: {fileID: 0}
    - target: {fileID: 187606, guid: 86fad03278650744eaecbe900ae34d6d, type: 3}
      propertyPath: m_Layer
      value: 7
      objectReference: {fileID: 0}
    - target: {fileID: 188278, guid: 86fad03278650744eaecbe900ae34d6d, type: 3}
      propertyPath: m_Layer
      value: 7
      objectReference: {fileID: 0}
    - target: {fileID: 189586, guid: 86fad03278650744eaecbe900ae34d6d, type: 3}
      propertyPath: m_Layer
      value: 7
      objectReference: {fileID: 0}
    - target: {fileID: 191284, guid: 86fad03278650744eaecbe900ae34d6d, type: 3}
      propertyPath: m_Layer
      value: 7
      objectReference: {fileID: 0}
    - target: {fileID: 192310, guid: 86fad03278650744eaecbe900ae34d6d, type: 3}
      propertyPath: m_Layer
      value: 7
      objectReference: {fileID: 0}
    - target: {fileID: 193818, guid: 86fad03278650744eaecbe900ae34d6d, type: 3}
      propertyPath: m_Layer
      value: 7
      objectReference: {fileID: 0}
    - target: {fileID: 402334, guid: 86fad03278650744eaecbe900ae34d6d, type: 3}
      propertyPath: m_RootOrder
      value: 0
      objectReference: {fileID: 0}
    - target: {fileID: 402334, guid: 86fad03278650744eaecbe900ae34d6d, type: 3}
      propertyPath: m_LocalPosition.x
      value: -17
      objectReference: {fileID: 0}
    - target: {fileID: 402334, guid: 86fad03278650744eaecbe900ae34d6d, type: 3}
      propertyPath: m_LocalPosition.y
      value: 1
      objectReference: {fileID: 0}
    - target: {fileID: 402334, guid: 86fad03278650744eaecbe900ae34d6d, type: 3}
      propertyPath: m_LocalPosition.z
      value: -8.5
      objectReference: {fileID: 0}
    - target: {fileID: 402334, guid: 86fad03278650744eaecbe900ae34d6d, type: 3}
      propertyPath: m_LocalRotation.w
      value: 1
      objectReference: {fileID: 0}
    - target: {fileID: 402334, guid: 86fad03278650744eaecbe900ae34d6d, type: 3}
      propertyPath: m_LocalRotation.x
      value: -0
      objectReference: {fileID: 0}
    - target: {fileID: 402334, guid: 86fad03278650744eaecbe900ae34d6d, type: 3}
      propertyPath: m_LocalRotation.y
      value: -0
      objectReference: {fileID: 0}
    - target: {fileID: 402334, guid: 86fad03278650744eaecbe900ae34d6d, type: 3}
      propertyPath: m_LocalRotation.z
      value: -0
      objectReference: {fileID: 0}
    - target: {fileID: 402334, guid: 86fad03278650744eaecbe900ae34d6d, type: 3}
      propertyPath: m_LocalEulerAnglesHint.x
      value: 0
      objectReference: {fileID: 0}
    - target: {fileID: 402334, guid: 86fad03278650744eaecbe900ae34d6d, type: 3}
      propertyPath: m_LocalEulerAnglesHint.y
      value: 0
      objectReference: {fileID: 0}
    - target: {fileID: 402334, guid: 86fad03278650744eaecbe900ae34d6d, type: 3}
      propertyPath: m_LocalEulerAnglesHint.z
      value: 0
      objectReference: {fileID: 0}
    m_RemovedComponents: []
  m_SourcePrefab: {fileID: 100100000, guid: 86fad03278650744eaecbe900ae34d6d, type: 3}
--- !u!1 &3455455692761761143 stripped
GameObject:
  m_CorrespondingSourceObject: {fileID: 167418, guid: 86fad03278650744eaecbe900ae34d6d, type: 3}
  m_PrefabInstance: {fileID: 3455455692761598093}
  m_PrefabAsset: {fileID: 0}
--- !u!65 &1281395925990457427
BoxCollider:
  m_ObjectHideFlags: 0
  m_CorrespondingSourceObject: {fileID: 0}
  m_PrefabInstance: {fileID: 0}
  m_PrefabAsset: {fileID: 0}
  m_GameObject: {fileID: 3455455692761761143}
  m_Material: {fileID: 0}
  m_IsTrigger: 0
  m_Enabled: 1
  serializedVersion: 2
  m_Size: {x: 1, y: 3, z: 1}
  m_Center: {x: 0, y: 1.5, z: 0}
--- !u!82 &5461612936776910931
AudioSource:
  m_ObjectHideFlags: 0
  m_CorrespondingSourceObject: {fileID: 0}
  m_PrefabInstance: {fileID: 0}
  m_PrefabAsset: {fileID: 0}
  m_GameObject: {fileID: 3455455692761761143}
  m_Enabled: 1
  serializedVersion: 4
  OutputAudioMixerGroup: {fileID: 0}
  m_audioClip: {fileID: 8300000, guid: a6aed1644a319684fba38b02825cd6d2, type: 3}
  m_PlayOnAwake: 1
  m_Volume: 0.5
  m_Pitch: 1
  Loop: 1
  Mute: 0
  Spatialize: 0
  SpatializePostEffects: 0
  Priority: 128
  DopplerLevel: 1
  MinDistance: 1
  MaxDistance: 40
  Pan2D: 0
  rolloffMode: 2
  BypassEffects: 0
  BypassListenerEffects: 0
  BypassReverbZones: 0
  rolloffCustomCurve:
    serializedVersion: 2
    m_Curve:
    - serializedVersion: 3
      time: 0
      value: 1.0000114
      inSlope: 0
      outSlope: 0
      tangentMode: 0
      weightedMode: 0
      inWeight: 0
      outWeight: 0
    - serializedVersion: 3
      time: 0.6260834
      value: 0
      inSlope: -0.011490885
      outSlope: -0.011490885
      tangentMode: 0
      weightedMode: 0
      inWeight: 0.36260623
      outWeight: 0
    m_PreInfinity: 2
    m_PostInfinity: 2
    m_RotationOrder: 4
  panLevelCustomCurve:
    serializedVersion: 2
    m_Curve:
    - serializedVersion: 3
      time: 0
      value: 1
      inSlope: 0
      outSlope: 0
      tangentMode: 0
      weightedMode: 0
      inWeight: 0.33333334
      outWeight: 0.33333334
    m_PreInfinity: 2
    m_PostInfinity: 2
    m_RotationOrder: 4
  spreadCustomCurve:
    serializedVersion: 2
    m_Curve:
    - serializedVersion: 3
      time: 0
      value: 0
      inSlope: 0
      outSlope: 0
      tangentMode: 0
      weightedMode: 0
      inWeight: 0.33333334
      outWeight: 0.33333334
    m_PreInfinity: 2
    m_PostInfinity: 2
    m_RotationOrder: 4
  reverbZoneMixCustomCurve:
    serializedVersion: 2
    m_Curve:
    - serializedVersion: 3
      time: 0
      value: 1
      inSlope: 0
      outSlope: 0
      tangentMode: 0
      weightedMode: 0
      inWeight: 0.33333334
      outWeight: 0.33333334
    m_PreInfinity: 2
    m_PostInfinity: 2
    m_RotationOrder: 4
--- !u!114 &1150129462
MonoBehaviour:
  m_ObjectHideFlags: 0
  m_CorrespondingSourceObject: {fileID: 0}
  m_PrefabInstance: {fileID: 0}
  m_PrefabAsset: {fileID: 0}
  m_GameObject: {fileID: 3455455692761761143}
  m_Enabled: 1
  m_EditorHideFlags: 0
  m_Script: {fileID: 11500000, guid: bdfb2061d8aa0ad45b15ec84c0fd83ed, type: 3}
  m_Name: 
  m_EditorClassIdentifier: 
  m_ZombieProfile: {fileID: 1805413197708765578}
  m_ZombieNavMesh: {fileID: 2408782991179850488}
--- !u!114 &1805413197708765578
MonoBehaviour:
  m_ObjectHideFlags: 0
  m_CorrespondingSourceObject: {fileID: 0}
  m_PrefabInstance: {fileID: 0}
  m_PrefabAsset: {fileID: 0}
  m_GameObject: {fileID: 3455455692761761143}
  m_Enabled: 1
  m_EditorHideFlags: 0
  m_Script: {fileID: 11500000, guid: afa742adb6dad2f4db54042ded5bd1ff, type: 3}
  m_Name: 
  m_EditorClassIdentifier: 
  m_MyAnimator: {fileID: 3455455692771116129}
  m_MaxHp: 10
  m_AttackRange: 3
  m_Atk: 1
--- !u!114 &2408782991179850488
MonoBehaviour:
  m_ObjectHideFlags: 0
  m_CorrespondingSourceObject: {fileID: 0}
  m_PrefabInstance: {fileID: 0}
  m_PrefabAsset: {fileID: 0}
  m_GameObject: {fileID: 3455455692761761143}
  m_Enabled: 1
  m_EditorHideFlags: 0
  m_Script: {fileID: 11500000, guid: 9da06c301055f1f44bfc4c40c0c4efde, type: 3}
  m_Name: 
  m_EditorClassIdentifier: 
  m_ZombieProfile: {fileID: 1805413197708765578}
  m_Target: {fileID: 0}
  m_MyNashMeshAgent: {fileID: 2666110816469719550}
  m_Speed: 2
--- !u!195 &2666110816469719550
NavMeshAgent:
  m_ObjectHideFlags: 0
  m_CorrespondingSourceObject: {fileID: 0}
  m_PrefabInstance: {fileID: 0}
  m_PrefabAsset: {fileID: 0}
  m_GameObject: {fileID: 3455455692761761143}
  m_Enabled: 1
  m_AgentTypeID: 0
  m_Radius: 0.5
  m_Speed: 3.5
  m_Acceleration: 8
  avoidancePriority: 50
  m_AngularSpeed: 120
  m_StoppingDistance: 0
  m_AutoTraverseOffMeshLink: 1
  m_AutoBraking: 1
  m_AutoRepath: 1
  m_Height: 3
  m_BaseOffset: 0
  m_WalkableMask: 4294967295
  m_ObstacleAvoidanceType: 4
--- !u!95 &3455455692771116129 stripped
Animator:
  m_CorrespondingSourceObject: {fileID: 9522412, guid: 86fad03278650744eaecbe900ae34d6d, type: 3}
  m_PrefabInstance: {fileID: 3455455692761598093}
  m_PrefabAsset: {fileID: 0}
